#FLAGGA 0
#PROGRAM "Nabo" 2604
#FORMAT PC8
#GEN 20260422
#SIETYP 4
#FNAMN "L„ngtans Parkering AB"
#FNR 1210529
#ORGNR 559086-6132
#ADRESS "" "" " " ""
#RAR 0 20250101 20251231
#RAR -1 20240101 20241231
#OMFATTN 20251231
#KPTYP EUBAS97
#KONTO 1510 "Avr„kn. avgifts-& hyresfordr."
#KONTO 1518 "Extern kundreskontra"
#KONTO 1520 "Andra kundfordringar"
#KONTO 1530 "Kundfordringar rester"
#KONTO 1630 "Avr„kn skatter o avgifter"
#KONTO 1650 "Momsfordran"
#KONTO 1680 "™vriga kortfristiga fordringar"
#KONTO 1689 "™vriga kortfristiga fordringar"
#KONTO 1700 "F”rutb kostn,upplupn int"
#KONTO 1713 "F”rbet f”rvaltning"
#KONTO 1790 "™vr f”rutb kostn uppl int"
#KONTO 1930 "Checkr„kning"
#KONTO 1931 "Annan bank"
#KONTO 1985 "Nabo Klientmedelskonto"
#KONTO 2081 "Aktiekapital"
#KONTO 2091 "Balanserad vinst/f”rlust"
#KONTO 2099 "Źrets resultat"
#KONTO 2420 "Skuld till hyresg.& kund"
#KONTO 2440 "Leverant”rsskulder"
#KONTO 2448 "Extern levreskontra"
#KONTO 2480 "Utl„ggsskulder"
#KONTO 2510 "Fastst„lld skatt"
#KONTO 2511 "Deklarerad skatt"
#KONTO 2513 "Ber„knad fastighetsskatt"
#KONTO 2610 "Utg†ende moms"
#KONTO 2618 "Vilande moms"
#KONTO 2640 "Ing†ende moms"
#KONTO 2650 "Redovisningskonto moms"
#KONTO 2810 "Avr„kningskonto, eko. f”rvaltning"
#KONTO 2970 "F”rutbet hyror/avgifter"
#KONTO 2971 "F”rskott momspliktigt"
#KONTO 2990 "™vriga uppl kostn"
#KONTO 3021 "Źrsavgifter bost„der"
#KONTO 3054 "Garagehyra"
#KONTO 3055 "Garagehyra, moms"
#KONTO 3085 "Hyres-/avgiftsbortfall garage, moms"
#KONTO 3124 "Laddbox, moms"
#KONTO 3131 "Uppv„rmning"
#KONTO 3194 ""
#KONTO 3500 "Fakturerade kostnader"
#KONTO 3540 "Administrativ avgift, moms"
#KONTO 3541 "Administrativ avgift"
#KONTO 3740 "™res- och kronutj„mning"
#KONTO 4611 "Fastighetsel"
#KONTO 4800 "Fastighetsskatt"
#KONTO 4805 "Ber„knad fastighetsskatt"
#KONTO 5012 "Hyra,parkering/garage"
#KONTO 6250 "Postbefordran"
#KONTO 6321 "Inkasso"
#KONTO 6480 "Arvode ekonomisk f”rvaltning"
#KONTO 6482 "Extradebitering f”rvaltn."
#KONTO 6490 "™vr f”rvaltningskostnader"
#KONTO 6500 "™vriga administrativa kostnader"
#KONTO 6570 "Bankkostnader"
#KONTO 6990 "™vriga externa kostnader"
#KONTO 8314 "Skattefria r„nteint„kter"
#KONTO 8423 "Kostn.r„nta, skatt"
#KONTO 8910 "Skatt"
#KONTO 8999 "Źrets resultat"
#UB 0 1510 11050.00
#PSALDO 0 202503 1510 {} 26526.00
#PSALDO 0 202504 1510 {} -19157.00
#PSALDO 0 202505 1510 {} -4207.00
#PSALDO 0 202506 1510 {} 3921.00
#PSALDO 0 202507 1510 {} -1367.00
#PSALDO 0 202508 1510 {} 4040.00
#PSALDO 0 202509 1510 {} -1147.00
#PSALDO 0 202510 1510 {} -1238.00
#PSALDO 0 202511 1510 {} 3381.00
#PSALDO 0 202512 1510 {} 298.00
#IB -1 1518 82050.00
#UB -1 1518 104760.00
#IB 0 1518 104760.00
#PSALDO -1 202401 1518 {} -41790.00
#PSALDO -1 202402 1518 {} -40200.00
#PSALDO -1 202403 1518 {} 83040.00
#PSALDO -1 202404 1518 {} -41400.00
#PSALDO -1 202405 1518 {} -40500.00
#PSALDO -1 202406 1518 {} 102472.00
#PSALDO -1 202407 1518 {} -63712.00
#PSALDO -1 202408 1518 {} -39900.00
#PSALDO -1 202409 1518 {} 80109.00
#PSALDO -1 202410 1518 {} -42069.00
#PSALDO -1 202411 1518 {} -35970.00
#PSALDO -1 202412 1518 {} 102630.00
#PSALDO 0 202501 1518 {} -36600.00
#PSALDO 0 202502 1518 {} -39360.00
#PSALDO 0 202503 1518 {} -19260.00
#PSALDO 0 202504 1518 {} -9540.00
#PSALDO 0 202505 1520 {} 28.00
#PSALDO 0 202506 1520 {} -28.00
#PSALDO 0 202510 1520 {} 257.00
#PSALDO 0 202511 1520 {} -257.00
#UB 0 1530 -7.50
#PSALDO 0 202506 1530 {} -928.00
#PSALDO 0 202507 1530 {} 928.00
#PSALDO 0 202509 1530 {} -981.00
#PSALDO 0 202510 1530 {} 980.50
#PSALDO 0 202511 1530 {} 1.00
#PSALDO 0 202512 1530 {} -8.00
#IB -1 1630 2218.00
#UB -1 1630 2173.00
#IB 0 1630 2173.00
#UB 0 1630 23851.00
#PSALDO -1 202402 1630 {} 3670.00
#PSALDO -1 202412 1630 {} -3715.00
#PSALDO 0 202503 1630 {} -3322.00
#PSALDO 0 202510 1630 {} 25000.00
#IB -1 1650 14661.00
#PSALDO -1 202406 1650 {} -14661.00
#UB 0 1680 110585.00
#PSALDO -1 202404 1680 {} 24284.00
#PSALDO -1 202410 1680 {} -24284.00
#PSALDO 0 202501 1680 {} 110585.00
#PSALDO 0 202502 1680 {} -22117.00
#PSALDO 0 202512 1680 {} 22117.00
#IB -1 1689 7200.00
#UB -1 1689 7200.00
#IB 0 1689 7200.00
#PSALDO 0 202502 1689 {} -7200.00
#UB 0 1700 3998.00
#PSALDO 0 202502 1700 {} -88468.00
#PSALDO 0 202503 1700 {} 90189.00
#PSALDO 0 202504 1700 {} 60692.00
#PSALDO 0 202505 1700 {} -27823.00
#PSALDO 0 202506 1700 {} 55778.00
#PSALDO 0 202507 1700 {} -28094.00
#PSALDO 0 202508 1700 {} -27934.00
#PSALDO 0 202509 1700 {} -31414.00
#PSALDO 0 202510 1700 {} 60429.00
#PSALDO 0 202511 1700 {} -27483.00
#PSALDO 0 202512 1700 {} -31874.00
#UB 0 1713 15843.00
#PSALDO 0 202512 1713 {} 15843.00
#IB -1 1790 88468.00
#UB -1 1790 15615.00
#IB 0 1790 15615.00
#PSALDO -1 202401 1790 {} -30748.87
#PSALDO -1 202402 1790 {} -30748.87
#PSALDO -1 202403 1790 {} 57719.12
#PSALDO -1 202404 1790 {} -15634.37
#PSALDO -1 202405 1790 {} -30748.87
#PSALDO -1 202406 1790 {} 57719.12
#PSALDO -1 202407 1790 {} -30748.87
#PSALDO -1 202408 1790 {} -30748.87
#PSALDO -1 202409 1790 {} 57719.12
#PSALDO -1 202410 1790 {} -30748.87
#PSALDO -1 202411 1790 {} -30748.87
#PSALDO -1 202412 1790 {} -15133.90
#PSALDO 0 202501 1790 {} -1301.25
#PSALDO 0 202502 1790 {} 28188.09
#PSALDO 0 202503 1790 {} -42501.84
#IB -1 1930 329991.79
#PSALDO -1 202401 1930 {} -71919.20
#PSALDO -1 202402 1930 {} -72730.05
#PSALDO -1 202403 1930 {} 5542.25
#PSALDO -1 202404 1930 {} 16275.05
#PSALDO -1 202405 1930 {} 40385.05
#PSALDO -1 202406 1930 {} 41007.40
#PSALDO -1 202407 1930 {} -64767.85
#PSALDO -1 202408 1930 {} 39900.00
#PSALDO -1 202409 1930 {} 44737.00
#PSALDO -1 202410 1930 {} 65513.00
#PSALDO -1 202411 1930 {} -65146.00
#PSALDO -1 202412 1930 {} -308788.44
#IB -1 1931 900.00
#UB -1 1931 900.00
#IB 0 1931 900.00
#UB 0 1931 900.00
#UB -1 1985 215173.19
#IB 0 1985 215173.19
#UB 0 1985 121848.29
#PSALDO -1 202412 1985 {} 215173.19
#PSALDO 0 202501 1985 {} -74241.05
#PSALDO 0 202502 1985 {} 28534.00
#PSALDO 0 202503 1985 {} 35230.15
#PSALDO 0 202504 1985 {} 72658.00
#PSALDO 0 202505 1985 {} 42813.00
#PSALDO 0 202506 1985 {} 40330.00
#PSALDO 0 202507 1985 {} 38743.00
#PSALDO 0 202508 1985 {} -295388.00
#PSALDO 0 202509 1985 {} 48634.00
#PSALDO 0 202510 1985 {} 13542.00
#PSALDO 0 202511 1985 {} 40013.00
#PSALDO 0 202512 1985 {} -84193.00
#IB -1 2081 -50000.00
#UB -1 2081 -50000.00
#IB 0 2081 -50000.00
#UB 0 2081 -50000.00
#IB -1 2091 -82827.27
#UB -1 2091 -95690.40
#IB 0 2091 -95690.40
#UB 0 2091 -95690.40
#PSALDO -1 202412 2091 {} -12863.13
#IB -1 2099 -12863.13
#UB -1 2099 -18257.79
#IB 0 2099 -18257.79
#UB 0 2099 -18257.79
#PSALDO -1 202412 2099 {} -5394.66
#IB -1 2420 -1740.00
#PSALDO -1 202403 2420 {} 840.00
#PSALDO -1 202411 2420 {} 900.00
#PSALDO 0 202502 2420 {} -900.00
#PSALDO 0 202507 2420 {} 900.00
#UB 0 2440 -1811.00
#PSALDO 0 202503 2440 {} -110607.00
#PSALDO 0 202504 2440 {} -111188.00
#PSALDO 0 202505 2440 {} -488.00
#PSALDO 0 202506 2440 {} -111445.00
#PSALDO 0 202507 2440 {} -389.00
#PSALDO 0 202508 2440 {} 331412.00
#PSALDO 0 202509 2440 {} -427.00
#PSALDO 0 202510 2440 {} -107861.00
#PSALDO 0 202512 2440 {} 109182.00
#IB -1 2448 -254134.00
#UB -1 2448 -20410.00
#IB 0 2448 -20410.00
#PSALDO -1 202401 2448 {} 113511.00
#PSALDO -1 202402 2448 {} 110585.00
#PSALDO -1 202403 2448 {} -73938.00
#PSALDO -1 202404 2448 {} -24244.00
#PSALDO -1 202406 2448 {} -111116.00
#PSALDO -1 202407 2448 {} 128220.00
#PSALDO -1 202409 2448 {} -111833.00
#PSALDO -1 202410 2448 {} 9961.00
#PSALDO -1 202411 2448 {} 102403.00
#PSALDO -1 202412 2448 {} 90175.00
#PSALDO 0 202502 2448 {} 20410.00
#UB 0 2480 -348.00
#PSALDO 0 202504 2480 {} -2448.00
#PSALDO 0 202506 2480 {} 1200.00
#PSALDO 0 202507 2480 {} 900.00
#IB -1 2510 -3328.00
#UB -1 2510 -4746.00
#IB 0 2510 -4746.00
#UB 0 2510 -4746.00
#PSALDO -1 202412 2510 {} -1418.00
#IB -1 2511 -3670.00
#UB -1 2511 -3328.00
#IB 0 2511 -3328.00
#PSALDO -1 202412 2511 {} 342.00
#PSALDO 0 202503 2511 {} 3328.00
#UB 0 2513 -1724.00
#PSALDO 0 202501 2513 {} -144.00
#PSALDO 0 202502 2513 {} -144.00
#PSALDO 0 202503 2513 {} -144.00
#PSALDO 0 202504 2513 {} -144.00
#PSALDO 0 202505 2513 {} -144.00
#PSALDO 0 202506 2513 {} -144.00
#PSALDO 0 202507 2513 {} -144.00
#PSALDO 0 202508 2513 {} -144.00
#PSALDO 0 202509 2513 {} -144.00
#PSALDO 0 202510 2513 {} -144.00
#PSALDO 0 202511 2513 {} -144.00
#PSALDO 0 202512 2513 {} -140.00
#PSALDO -1 202401 2610 {} -8370.00
#PSALDO -1 202402 2610 {} -8400.00
#PSALDO -1 202403 2610 {} -8942.52
#PSALDO -1 202404 2610 {} -8460.00
#PSALDO -1 202405 2610 {} -8160.00
#PSALDO -1 202406 2610 {} -5298.05
#PSALDO -1 202407 2610 {} -12754.43
#PSALDO -1 202408 2610 {} -7980.00
#PSALDO -1 202409 2610 {} -8935.50
#PSALDO -1 202410 2610 {} -8233.80
#PSALDO -1 202411 2610 {} -7752.00
#PSALDO -1 202412 2610 {} 93286.30
#PSALDO 0 202501 2610 {} -10140.00
#PSALDO 0 202502 2610 {} -7860.00
#PSALDO 0 202503 2610 {} -11330.00
#PSALDO 0 202504 2610 {} -8312.00
#PSALDO 0 202505 2610 {} -7728.00
#PSALDO 0 202506 2610 {} -8901.00
#PSALDO 0 202507 2610 {} -8040.00
#PSALDO 0 202508 2610 {} -8472.00
#PSALDO 0 202509 2610 {} -9380.00
#PSALDO 0 202510 2610 {} -8358.00
#PSALDO 0 202511 2610 {} -8628.00
#PSALDO 0 202512 2610 {} 97149.00
#IB -1 2618 -16410.00
#UB -1 2618 -20760.00
#IB 0 2618 -20760.00
#PSALDO -1 202401 2618 {} 8370.00
#PSALDO -1 202402 2618 {} 8040.00
#PSALDO -1 202403 2618 {} -16620.00
#PSALDO -1 202404 2618 {} 8280.00
#PSALDO -1 202405 2618 {} 8100.00
#PSALDO -1 202406 2618 {} -20494.43
#PSALDO -1 202407 2618 {} 12754.43
#PSALDO -1 202408 2618 {} 7980.00
#PSALDO -1 202409 2618 {} -16033.80
#PSALDO -1 202410 2618 {} 8413.80
#PSALDO -1 202411 2618 {} 7260.00
#PSALDO -1 202412 2618 {} -20400.00
#PSALDO 0 202501 2618 {} 10140.00
#PSALDO 0 202502 2618 {} 7860.00
#PSALDO 0 202503 2618 {} 2760.00
#UB 0 2640 -22117.00
#PSALDO -1 202403 2640 {} 22413.25
#PSALDO -1 202404 2640 {} 5144.70
#PSALDO -1 202406 2640 {} 22223.25
#PSALDO -1 202409 2640 {} 22366.68
#PSALDO -1 202410 2640 {} -1992.25
#PSALDO -1 202412 2640 {} -70155.63
#PSALDO 0 202502 2640 {} 22117.00
#PSALDO 0 202503 2640 {} 22117.00
#PSALDO 0 202504 2640 {} 22238.00
#PSALDO 0 202505 2640 {} 85.95
#PSALDO 0 202506 2640 {} 22289.00
#PSALDO 0 202507 2640 {} 78.00
#PSALDO 0 202508 2640 {} 462.99
#PSALDO 0 202509 2640 {} 163.00
#PSALDO 0 202510 2640 {} 22203.00
#PSALDO 0 202512 2640 {} -133870.94
#UB -1 2650 -22589.00
#IB 0 2650 -22589.00
#UB 0 2650 -13057.00
#PSALDO -1 202412 2650 {} -22589.00
#PSALDO 0 202512 2650 {} 9532.00
#UB 0 2810 120.00
#PSALDO 0 202505 2810 {} 60.00
#PSALDO 0 202512 2810 {} 60.00
#UB 0 2970 -33840.00
#PSALDO 0 202503 2970 {} -31703.00
#PSALDO 0 202504 2970 {} 263.00
#PSALDO 0 202505 2970 {} 1128.00
#PSALDO 0 202506 2970 {} 72.00
#PSALDO 0 202507 2970 {} -720.00
#PSALDO 0 202508 2970 {} -1440.00
#PSALDO 0 202509 2970 {} -720.00
#PSALDO 0 202511 2970 {} -720.00
#IB -1 2971 -100516.39
#UB -1 2971 -95760.00
#IB 0 2971 -95760.00
#PSALDO -1 202401 2971 {} 35956.39
#PSALDO -1 202402 2971 {} 31560.00
#PSALDO -1 202403 2971 {} -69134.26
#PSALDO -1 202404 2971 {} 36134.26
#PSALDO -1 202405 2971 {} 32760.00
#PSALDO -1 202406 2971 {} -69929.88
#PSALDO -1 202407 2971 {} 37649.88
#PSALDO -1 202408 2971 {} 32880.00
#PSALDO -1 202409 2971 {} -67237.15
#PSALDO -1 202410 2971 {} 37165.15
#PSALDO -1 202411 2971 {} 30792.00
#PSALDO -1 202412 2971 {} -63840.00
#PSALDO 0 202501 2971 {} 31920.00
#PSALDO 0 202502 2971 {} 31920.00
#PSALDO 0 202503 2971 {} 31920.00
#UB -1 2990 -14280.00
#IB 0 2990 -14280.00
#UB 0 2990 -14280.00
#PSALDO -1 202412 2990 {} -14280.00
#RES -1 3055 -401148.00
#PSALDO -1 202401 3055 {} -33240.00
#PSALDO -1 202402 3055 {} -33240.00
#PSALDO -1 202403 3055 {} -33240.00
#PSALDO -1 202404 3055 {} -33240.00
#PSALDO -1 202405 3055 {} -33240.00
#PSALDO -1 202406 3055 {} -33480.00
#PSALDO -1 202407 3055 {} -33480.00
#PSALDO -1 202408 3055 {} -33480.00
#PSALDO -1 202409 3055 {} -33240.00
#PSALDO -1 202410 3055 {} -33240.00
#PSALDO -1 202411 3055 {} -33888.00
#PSALDO -1 202412 3055 {} -34140.00
#RES 0 3055 -386516.00
#PSALDO 0 202501 3055 {} -31920.00
#PSALDO 0 202502 3055 {} -31920.00
#PSALDO 0 202503 3055 {} -31920.00
#PSALDO 0 202504 3055 {} -31726.00
#PSALDO 0 202505 3055 {} -31681.00
#PSALDO 0 202506 3055 {} -30563.00
#PSALDO 0 202507 3055 {} -30949.00
#PSALDO 0 202508 3055 {} -32253.00
#PSALDO 0 202509 3055 {} -33120.00
#PSALDO 0 202510 3055 {} -33120.00
#PSALDO 0 202511 3055 {} -33504.00
#PSALDO 0 202512 3055 {} -33840.00
#RES -1 3085 6241.55
#PSALDO -1 202401 3085 {} 240.00
#PSALDO -1 202402 3085 {} 240.00
#PSALDO -1 202403 3085 {} 240.00
#PSALDO -1 202404 3085 {} 240.00
#PSALDO -1 202405 3085 {} 240.00
#PSALDO -1 202406 3085 {} 240.00
#PSALDO -1 202407 3085 {} 553.55
#PSALDO -1 202408 3085 {} 600.00
#PSALDO -1 202409 3085 {} 600.00
#PSALDO -1 202410 3085 {} 600.00
#PSALDO -1 202411 3085 {} 1128.00
#PSALDO -1 202412 3085 {} 1320.00
#RES -1 3124 -14278.56
#PSALDO -1 202401 3124 {} -2956.39
#PSALDO -1 202403 3124 {} -115.78
#PSALDO -1 202404 3124 {} -2677.81
#PSALDO -1 202407 3124 {} -4723.43
#PSALDO -1 202410 3124 {} -3805.15
#RES 0 3124 -20870.00
#PSALDO 0 202503 3124 {} -4533.00
#PSALDO 0 202504 3124 {} -2954.00
#PSALDO 0 202505 3124 {} -1698.00
#PSALDO 0 202506 3124 {} -1649.00
#PSALDO 0 202507 3124 {} -1647.00
#PSALDO 0 202508 3124 {} -1463.00
#PSALDO 0 202509 3124 {} -1463.00
#PSALDO 0 202510 3124 {} -1465.00
#PSALDO 0 202511 3124 {} -1999.00
#PSALDO 0 202512 3124 {} -1999.00
#RES -1 3131 -1176.45
#PSALDO -1 202404 3131 {} -1176.45
#RES -1 3500 -360.00
#PSALDO -1 202401 3500 {} -60.00
#PSALDO -1 202405 3500 {} -60.00
#PSALDO -1 202406 3500 {} -120.00
#PSALDO -1 202410 3500 {} -60.00
#PSALDO -1 202412 3500 {} -60.00
#RES 0 3500 -1540.00
#PSALDO 0 202502 3500 {} -1900.00
#PSALDO 0 202503 3500 {} 360.00
#RES 0 3540 -2618.00
#PSALDO 0 202504 3540 {} -506.00
#PSALDO 0 202505 3540 {} -308.00
#PSALDO 0 202506 3540 {} -242.00
#PSALDO 0 202507 3540 {} -220.00
#PSALDO 0 202508 3540 {} -264.00
#PSALDO 0 202509 3540 {} -264.00
#PSALDO 0 202510 3540 {} -286.00
#PSALDO 0 202511 3540 {} -264.00
#PSALDO 0 202512 3540 {} -264.00
#RES 0 3541 -220.00
#PSALDO 0 202505 3541 {} -22.00
#PSALDO 0 202506 3541 {} -44.00
#PSALDO 0 202507 3541 {} -44.00
#PSALDO 0 202508 3541 {} -44.00
#PSALDO 0 202509 3541 {} -22.00
#PSALDO 0 202510 3541 {} -22.00
#PSALDO 0 202511 3541 {} -22.00
#RES -1 3740 -2.24
#PSALDO -1 202403 3740 {} -1.43
#PSALDO -1 202406 3740 {} -1.63
#PSALDO -1 202409 3740 {} 0.46
#PSALDO -1 202412 3740 {} 0.36
#RES 0 3740 0.07
#PSALDO 0 202505 3740 {} -0.35
#PSALDO 0 202506 3740 {} -0.30
#PSALDO 0 202507 3740 {} -0.10
#PSALDO 0 202508 3740 {} -0.10
#PSALDO 0 202509 3740 {} 0.25
#PSALDO 0 202510 3740 {} 0.60
#PSALDO 0 202512 3740 {} 0.07
#RES -1 4611 14280.00
#PSALDO -1 202412 4611 {} 14280.00
#RES -1 4800 31695.96
#PSALDO -1 202401 4800 {} 2641.33
#PSALDO -1 202402 4800 {} 2641.33
#PSALDO -1 202403 4800 {} 2641.33
#PSALDO -1 202404 4800 {} 2641.33
#PSALDO -1 202405 4800 {} 2641.33
#PSALDO -1 202406 4800 {} 2641.33
#PSALDO -1 202407 4800 {} 2641.33
#PSALDO -1 202408 4800 {} 2641.33
#PSALDO -1 202409 4800 {} 2641.33
#PSALDO -1 202410 4800 {} 2641.33
#PSALDO -1 202411 4800 {} 2641.33
#PSALDO -1 202412 4800 {} 2641.33
#RES 0 4800 7924.00
#PSALDO 0 202502 4800 {} 5282.66
#PSALDO 0 202503 4800 {} 2641.34
#RES 0 4805 1724.00
#PSALDO 0 202501 4805 {} 144.00
#PSALDO 0 202502 4805 {} 144.00
#PSALDO 0 202503 4805 {} 144.00
#PSALDO 0 202504 4805 {} 144.00
#PSALDO 0 202505 4805 {} 144.00
#PSALDO 0 202506 4805 {} 144.00
#PSALDO 0 202507 4805 {} 144.00
#PSALDO 0 202508 4805 {} 144.00
#PSALDO 0 202509 4805 {} 144.00
#PSALDO 0 202510 4805 {} 144.00
#PSALDO 0 202511 4805 {} 144.00
#PSALDO 0 202512 4805 {} 140.00
#RES -1 5012 314207.25
#PSALDO -1 202401 5012 {} 26848.00
#PSALDO -1 202402 5012 {} 26848.00
#PSALDO -1 202403 5012 {} 26848.00
#PSALDO -1 202404 5012 {} 26848.00
#PSALDO -1 202405 5012 {} 26848.00
#PSALDO -1 202406 5012 {} 26848.00
#PSALDO -1 202407 5012 {} 26848.00
#PSALDO -1 202408 5012 {} 26848.00
#PSALDO -1 202409 5012 {} 26848.00
#PSALDO -1 202410 5012 {} 18879.25
#PSALDO -1 202411 5012 {} 26848.00
#PSALDO -1 202412 5012 {} 26848.00
#RES 0 5012 345948.00
#PSALDO 0 202502 5012 {} 53696.00
#PSALDO 0 202503 5012 {} 26848.00
#PSALDO 0 202504 5012 {} 29498.00
#PSALDO 0 202505 5012 {} 29498.00
#PSALDO 0 202506 5012 {} 29494.00
#PSALDO 0 202507 5012 {} 29490.00
#PSALDO 0 202508 5012 {} 29490.00
#PSALDO 0 202509 5012 {} 29488.00
#PSALDO 0 202510 5012 {} 29482.00
#PSALDO 0 202511 5012 {} 29482.00
#PSALDO 0 202512 5012 {} 29482.00
#RES -1 6250 936.50
#PSALDO -1 202404 6250 {} 605.30
#PSALDO -1 202409 6250 {} 331.20
#RES -1 6321 608.00
#PSALDO -1 202404 6321 {} 320.00
#PSALDO -1 202412 6321 {} 288.00
#RES -1 6480 15114.48
#PSALDO -1 202401 6480 {} 1259.54
#PSALDO -1 202402 6480 {} 1259.54
#PSALDO -1 202403 6480 {} 1259.54
#PSALDO -1 202404 6480 {} 1259.54
#PSALDO -1 202405 6480 {} 1259.54
#PSALDO -1 202406 6480 {} 1259.54
#PSALDO -1 202407 6480 {} 1259.54
#PSALDO -1 202408 6480 {} 1259.54
#PSALDO -1 202409 6480 {} 1259.54
#PSALDO -1 202410 6480 {} 1259.54
#PSALDO -1 202411 6480 {} 1259.54
#PSALDO -1 202412 6480 {} 1259.54
#RES 0 6480 15615.00
#PSALDO 0 202501 6480 {} 1301.25
#PSALDO 0 202502 6480 {} 1301.25
#PSALDO 0 202503 6480 {} 13012.50
#RES -1 6482 5017.37
#PSALDO -1 202403 6482 {} 659.75
#PSALDO -1 202404 6482 {} 3690.50
#PSALDO -1 202409 6482 {} 667.12
#RES 0 6482 4815.28
#PSALDO 0 202504 6482 {} 59.95
#PSALDO 0 202505 6482 {} 78.67
#PSALDO 0 202506 6482 {} 507.50
#PSALDO 0 202507 6482 {} 82.45
#PSALDO 0 202508 6482 {} 1606.68
#PSALDO 0 202509 6482 {} 423.88
#PSALDO 0 202510 6482 {} 97.50
#PSALDO 0 202512 6482 {} 1958.65
#RES 0 6490 -96.01
#PSALDO 0 202506 6490 {} -48.00
#PSALDO 0 202512 6490 {} -48.01
#RES -1 6500 2224.75
#PSALDO -1 202403 6500 {} 525.00
#PSALDO -1 202404 6500 {} 850.00
#PSALDO -1 202406 6500 {} 424.75
#PSALDO -1 202412 6500 {} 425.00
#RES 0 6500 2340.16
#PSALDO 0 202504 6500 {} 422.05
#PSALDO 0 202505 6500 {} 263.73
#PSALDO 0 202506 6500 {} 228.80
#PSALDO 0 202507 6500 {} 228.65
#PSALDO 0 202508 6500 {} 246.43
#PSALDO 0 202509 6500 {} 228.87
#PSALDO 0 202510 6500 {} 246.40
#PSALDO 0 202512 6500 {} 475.23
#RES -1 6570 3590.60
#PSALDO -1 202401 6570 {} 258.20
#PSALDO -1 202402 6570 {} 475.05
#PSALDO -1 202403 6570 {} 263.75
#PSALDO -1 202404 6570 {} 259.95
#PSALDO -1 202405 6570 {} 474.95
#PSALDO -1 202406 6570 {} 265.60
#PSALDO -1 202407 6570 {} 259.85
#PSALDO -1 202411 6570 {} 273.00
#PSALDO -1 202412 6570 {} 1060.25
#RES 0 6570 922.90
#PSALDO 0 202501 6570 {} 256.05
#PSALDO 0 202502 6570 {} 416.00
#PSALDO 0 202503 6570 {} 250.85
#RES 0 6990 260.00
#PSALDO 0 202506 6990 {} 28.00
#PSALDO 0 202507 6990 {} 120.00
#PSALDO 0 202510 6990 {} 112.00
#RES 0 8314 -6.00
#PSALDO 0 202503 8314 {} -6.00
#RES -1 8423 45.00
#PSALDO -1 202412 8423 {} 45.00
#RES -1 8910 4746.00
#PSALDO -1 202412 8910 {} 4746.00
#RES -1 8999 18257.79
#PSALDO -1 202412 8999 {} 18257.79
#VER "17" "250001" 20250804 "BGI-import (betalning)"
{
#TRANS 1510 {} -900 20250804
#TRANS 1985 {} 900 20250804
}
#VER "17" "250002" 20250806 "BGI-import (betalning)"
{
#TRANS 1510 {} -900 20250806
#TRANS 1985 {} 900 20250806
}
#VER "17" "250003" 20250807 "BGI-import (betalning)"
{
#TRANS 1510 {} -900 20250807
#TRANS 1985 {} 900 20250807
}
#VER "17" "250004" 20250818 "BGI-import (betalning)"
{
#TRANS 1510 {} -928 20250818
#TRANS 1985 {} 928 20250818
}
#VER "17" "250005" 20250821 "BGI-import (betalning)"
{
#TRANS 1510 {} -1650 20250821
#TRANS 1985 {} 1650 20250821
}
#VER "17" "250006" 20250825 "BGI-import (betalning)"
{
#TRANS 1510 {} -1650 20250825
#TRANS 1985 {} 1650 20250825
}
#VER "17" "250007" 20250825 "BGI-import (betalning)"
{
#TRANS 1510 {} -900 20250825
#TRANS 1985 {} 900 20250825
}
#VER "17" "250008" 20250825 "BGI-import (betalning)"
{
#TRANS 1510 {} -928 20250825
#TRANS 1985 {} 928 20250825
}
#VER "17" "250009" 20250825 "BGI-import (betalning)"
{
#TRANS 1510 {} -928 20250825
#TRANS 1985 {} 928 20250825
}
#VER "17" "250010" 20250825 "BGI-import (betalning)"
{
#TRANS 1510 {} -900 20250825
#TRANS 1985 {} 900 20250825
}
#VER "17" "250011" 20250825 "BGI-import (betalning)"
{
#TRANS 1510 {} -900 20250825
#TRANS 1985 {} 900 20250825
}
#VER "17" "250012" 20250825 "BGI-import (betalning)"
{
#TRANS 1510 {} -928 20250825
#TRANS 1985 {} 928 20250825
}
#VER "17" "250013" 20250825 "BGI-import (betalning)"
{
#TRANS 1510 {} -900 20250825
#TRANS 1985 {} 900 20250825
}
#VER "17" "250014" 20250825 "BGI-import (betalning)"
{
#TRANS 1510 {} -900 20250825
#TRANS 1985 {} 900 20250825
}
#VER "17" "250015" 20250825 "BGI-import (betalning)"
{
#TRANS 1510 {} -928 20250825
#TRANS 1985 {} 928 20250825
}
#VER "17" "250016" 20250826 "BGI-import (betalning)"
{
#TRANS 1510 {} -928 20250826
#TRANS 1985 {} 928 20250826
}
#VER "17" "250017" 20250827 "BGI-import (betalning)"
{
#TRANS 1510 {} -1200 20250827
#TRANS 1985 {} 1200 20250827
}
#VER "17" "250018" 20250827 "BGI-import (betalning)"
{
#TRANS 1510 {} -900 20250827
#TRANS 1985 {} 900 20250827
}
#VER "17" "250019" 20250828 "BGI-import (betalning)"
{
#TRANS 1510 {} -900 20250828
#TRANS 1985 {} 900 20250828
}
#VER "17" "250020" 20250828 "BGI-import (betalning)"
{
#TRANS 1510 {} -900 20250828
#TRANS 1985 {} 900 20250828
}
#VER "17" "250021" 20250828 "BGI-import (betalning)"
{
#TRANS 1510 {} -1200 20250828
#TRANS 1985 {} 1200 20250828
}
#VER "17" "250022" 20250828 "BGI-import (betalning)"
{
#TRANS 1510 {} -928 20250828
#TRANS 1985 {} 928 20250828
}
#VER "17" "250023" 20250828 "BGI-import (betalning)"
{
#TRANS 1510 {} -900 20250828
#TRANS 1985 {} 900 20250828
}
#VER "17" "250024" 20250829 "BGI-import (betalning)"
{
#TRANS 1510 {} -900 20250829
#TRANS 1985 {} 900 20250829
}
#VER "17" "250025" 20250829 "BGI-import (betalning)"
{
#TRANS 1510 {} -900 20250829
#TRANS 1985 {} 900 20250829
}
#VER "17" "250026" 20250829 "BGI-import (betalning)"
{
#TRANS 1510 {} -900 20250829
#TRANS 1985 {} 900 20250829
}
#VER "17" "250027" 20250829 "BGI-import (betalning)"
{
#TRANS 1510 {} -900 20250829
#TRANS 1985 {} 900 20250829
}
#VER "17" "250028" 20250829 "BGI-import (betalning)"
{
#TRANS 1510 {} -1200 20250829
#TRANS 1985 {} 1200 20250829
}
#VER "17" "250029" 20250829 "BGI-import (betalning)"
{
#TRANS 1510 {} -900 20250829
#TRANS 1985 {} 900 20250829
}
#VER "17" "250030" 20250829 "BGI-import (betalning)"
{
#TRANS 1510 {} -900 20250829
#TRANS 1985 {} 900 20250829
}
#VER "17" "250031" 20250829 "BGI-import (betalning)"
{
#TRANS 1510 {} -900 20250829
#TRANS 1985 {} 900 20250829
}
#VER "17" "250032" 20250829 "BGI-import (betalning)"
{
#TRANS 1510 {} -900 20250829
#TRANS 1985 {} 900 20250829
}
#VER "17" "250033" 20250829 "BGI-import (betalning)"
{
#TRANS 1510 {} -900 20250829
#TRANS 1985 {} 900 20250829
}
#VER "17" "250034" 20250829 "BGI-import (betalning)"
{
#TRANS 1510 {} -900 20250829
#TRANS 1985 {} 900 20250829
}
#VER "17" "250035" 20250829 "BGI-import (betalning)"
{
#TRANS 1510 {} -900 20250829
#TRANS 1985 {} 900 20250829
}
#VER "17" "250036" 20250829 "BGI-import (betalning)"
{
#TRANS 1510 {} -322 20250829
#TRANS 1985 {} 322 20250829
}
#VER "17" "250037" 20250829 "BGI-import (betalning)"
{
#TRANS 1510 {} -900 20250829
#TRANS 1985 {} 900 20250829
}
#VER "17" "250038" 20250829 "BGI-import (betalning)"
{
#TRANS 1510 {} -900 20250829
#TRANS 1985 {} 900 20250829
}
#VER "17" "250039" 20250829 "BGI-import (betalning)"
{
#TRANS 1510 {} -322 20250829
#TRANS 1985 {} 322 20250829
}
#VER "17" "250040" 20250829 "BGI-import (betalning)"
{
#TRANS 1510 {} -900 20250829
#TRANS 1985 {} 900 20250829
}
#VER "17" "250041" 20250829 "BGI-import (betalning)"
{
#TRANS 1510 {} -900 20250829
#TRANS 1985 {} 900 20250829
}
#VER "17" "250042" 20250901 "BGI-import (betalning)"
{
#TRANS 1510 {} -900 20250901
#TRANS 1985 {} 900 20250901
}
#VER "17" "250043" 20250901 "BGI-import (betalning)"
{
#TRANS 1510 {} -1228 20250901
#TRANS 1985 {} 1228 20250901
}
#VER "17" "250044" 20250904 "BGI-import (betalning)"
{
#TRANS 1510 {} -928 20250904
#TRANS 1985 {} 928 20250904
}
#VER "17" "250045" 20250905 "BGI-import (betalning)"
{
#TRANS 1510 {} -900 20250905
#TRANS 1985 {} 900 20250905
}
#VER "17" "250046" 20250908 "BGI-import (betalning)"
{
#TRANS 1510 {} -900 20250908
#TRANS 1985 {} 900 20250908
}
#VER "17" "250047" 20250919 "BGI-import (betalning)"
{
#TRANS 1510 {} -900 20250919
#TRANS 1985 {} 900 20250919
}
#VER "17" "250048" 20250919 "BGI-import (betalning)"
{
#TRANS 1510 {} -928 20250919
#TRANS 1985 {} 928 20250919
}
#VER "17" "250049" 20250919 "BGI-import (betalning)"
{
#TRANS 1510 {} -928 20250919
#TRANS 1985 {} 928 20250919
}
#VER "17" "250050" 20250922 "BGI-import (betalning)"
{
#TRANS 1510 {} -900 20250922
#TRANS 1985 {} 900 20250922
}
#VER "17" "250051" 20250925 "BGI-import (betalning)"
{
#TRANS 1510 {} -900 20250925
#TRANS 1985 {} 900 20250925
}
#VER "17" "250052" 20250925 "BGI-import (betalning)"
{
#TRANS 1510 {} -900 20250925
#TRANS 1985 {} 900 20250925
}
#VER "17" "250053" 20250925 "BGI-import (betalning)"
{
#TRANS 1510 {} -928 20250925
#TRANS 1985 {} 928 20250925
}
#VER "17" "250054" 20250925 "BGI-import (betalning)"
{
#TRANS 1510 {} -928 20250925
#TRANS 1985 {} 928 20250925
}
#VER "17" "250055" 20250925 "BGI-import (betalning)"
{
#TRANS 1510 {} -928 20250925
#TRANS 1985 {} 928 20250925
}
#VER "17" "250056" 20250925 "BGI-import (betalning)"
{
#TRANS 1510 {} -928 20250925
#TRANS 1985 {} 928 20250925
}
#VER "17" "250057" 20250925 "BGI-import (betalning)"
{
#TRANS 1510 {} -900 20250925
#TRANS 1985 {} 900 20250925
}
#VER "17" "250058" 20250925 "BGI-import (betalning)"
{
#TRANS 1510 {} -900 20250925
#TRANS 1985 {} 900 20250925
}
#VER "17" "250059" 20250925 "BGI-import (betalning)"
{
#TRANS 1510 {} -2199 20250925
#TRANS 1985 {} 2199 20250925
}
#VER "17" "250060" 20250926 "BGI-import (betalning)"
{
#TRANS 1510 {} -900 20250926
#TRANS 1985 {} 900 20250926
}
#VER "17" "250061" 20250929 "BGI-import (betalning)"
{
#TRANS 1510 {} -1200 20250929
#TRANS 1985 {} 1200 20250929
}
#VER "17" "250062" 20250929 "BGI-import (betalning)"
{
#TRANS 1510 {} -928 20250929
#TRANS 1985 {} 928 20250929
}
#VER "17" "250063" 20250929 "BGI-import (betalning)"
{
#TRANS 1510 {} -2183 20250929
#TRANS 1985 {} 2183 20250929
}
#VER "17" "250064" 20250929 "BGI-import (betalning)"
{
#TRANS 1510 {} -900 20250929
#TRANS 1985 {} 900 20250929
}
#VER "17" "250065" 20250929 "BGI-import (betalning)"
{
#TRANS 1510 {} -928 20250929
#TRANS 1985 {} 928 20250929
}
#VER "17" "250066" 20250929 "BGI-import (betalning)"
{
#TRANS 1510 {} -928 20250929
#TRANS 1985 {} 928 20250929
}
#VER "17" "250067" 20250929 "BGI-import (betalning)"
{
#TRANS 1510 {} -928 20250929
#TRANS 1985 {} 928 20250929
}
#VER "17" "250068" 20250929 "BGI-import (betalning)"
{
#TRANS 1510 {} -1916 20250929
#TRANS 1985 {} 1916 20250929
}
#VER "17" "250069" 20250929 "BGI-import (betalning)"
{
#TRANS 1510 {} -900 20250929
#TRANS 1985 {} 900 20250929
}
#VER "17" "250070" 20250929 "BGI-import (betalning)"
{
#TRANS 1510 {} -900 20250929
#TRANS 1985 {} 900 20250929
}
#VER "17" "250071" 20250930 "Automatisk ombokning"
{
#TRANS 1510 {} 928 20250930
#TRANS 1530 {} -928 20250930
}
#VER "17" "250072" 20250930 "BGI-import (betalning)"
{
#TRANS 1510 {} -900 20250930
#TRANS 1985 {} 900 20250930
}
#VER "17" "250073" 20250930 "BGI-import (betalning)"
{
#TRANS 1510 {} -1200 20250930
#TRANS 1985 {} 1200 20250930
}
#VER "17" "250074" 20250930 "BGI-import (betalning)"
{
#TRANS 1510 {} -900 20250930
#TRANS 1985 {} 900 20250930
}
#VER "17" "250075" 20250930 "BGI-import (betalning)"
{
#TRANS 1510 {} -900 20250930
#TRANS 1985 {} 900 20250930
}
#VER "17" "250076" 20250930 "BGI-import (betalning)"
{
#TRANS 1510 {} -1200 20250930
#TRANS 1985 {} 1200 20250930
}
#VER "17" "250077" 20250930 "BGI-import (betalning)"
{
#TRANS 1510 {} -900 20250930
#TRANS 1985 {} 900 20250930
}
#VER "17" "250078" 20250930 "BGI-import (betalning)"
{
#TRANS 1510 {} -900 20250930
#TRANS 1985 {} 900 20250930
}
#VER "17" "250079" 20250930 "BGI-import (betalning)"
{
#TRANS 1510 {} -1374 20250930
#TRANS 1985 {} 1374 20250930
}
#VER "17" "250080" 20250930 "BGI-import (betalning)"
{
#TRANS 1510 {} -1425 20250930
#TRANS 1985 {} 1425 20250930
}
#VER "17" "250081" 20250930 "BGI-import (betalning)"
{
#TRANS 1510 {} -900 20250930
#TRANS 1985 {} 900 20250930
}
#VER "17" "250082" 20250930 "BGI-import (betalning)"
{
#TRANS 1510 {} -300 20250930
#TRANS 1985 {} 300 20250930
}
#VER "17" "250083" 20250930 "BGI-import (betalning)"
{
#TRANS 1510 {} -900 20250930
#TRANS 1985 {} 900 20250930
}
#VER "17" "250084" 20250930 "BGI-import (betalning)"
{
#TRANS 1510 {} -1768 20250930
#TRANS 1985 {} 1768 20250930
}
#VER "17" "250085" 20250930 "BGI-import (betalning)"
{
#TRANS 1510 {} -900 20250930
#TRANS 1985 {} 900 20250930
}
#VER "17" "250086" 20250930 "BGI-import (betalning)"
{
#TRANS 1510 {} -322 20250930
#TRANS 1985 {} 322 20250930
}
#VER "17" "250087" 20250930 "BGI-import (betalning)"
{
#TRANS 1510 {} -900 20250930
#TRANS 1985 {} 900 20250930
}
#VER "17" "250088" 20250930 "BGI-import (betalning)"
{
#TRANS 1510 {} -900 20250930
#TRANS 1985 {} 900 20250930
}
#VER "17" "250089" 20250930 "BGI-import (betalning)"
{
#TRANS 1510 {} -900 20250930
#TRANS 1985 {} 900 20250930
}
#VER "17" "250090" 20250930 "BGI-import (betalning)"
{
#TRANS 1510 {} -900 20250930
#TRANS 1985 {} 900 20250930
}
#VER "17" "250091" 20251009 "BGI-import (betalning)"
{
#TRANS 1510 {} -900 20251009
#TRANS 1985 {} 900 20251009
}
#VER "17" "250092" 20251009 "BGI-import (betalning)"
{
#TRANS 1510 {} -900 20251009
#TRANS 1985 {} 900 20251009
}
#VER "17" "250093" 20251014 "BGI-import (betalning)"
{
#TRANS 1510 {} -928 20251014
#TRANS 1985 {} 928 20251014
}
#VER "17" "250094" 20251014 "BGI-import (betalning)"
{
#TRANS 1510 {} -928 20251014
#TRANS 1985 {} 928 20251014
}
#VER "17" "250095" 20251024 "BGI-import (betalning)"
{
#TRANS 1510 {} -928 20251024
#TRANS 1985 {} 928 20251024
}
#VER "17" "250096" 20251024 "BGI-import (betalning)"
{
#TRANS 1510 {} -900 20251024
#TRANS 1985 {} 900 20251024
}
#VER "17" "250097" 20251027 "BGI-import (betalning)"
{
#TRANS 1510 {} -900 20251027
#TRANS 1985 {} 900 20251027
}
#VER "17" "250098" 20251027 "BGI-import (betalning)"
{
#TRANS 1510 {} -900 20251027
#TRANS 1985 {} 900 20251027
}
#VER "17" "250099" 20251027 "BGI-import (betalning)"
{
#TRANS 1510 {} -900 20251027
#TRANS 1985 {} 900 20251027
}
#VER "17" "250100" 20251027 "BGI-import (betalning)"
{
#TRANS 1510 {} -900 20251027
#TRANS 1985 {} 900 20251027
}
#VER "17" "250101" 20251027 "BGI-import (betalning)"
{
#TRANS 1510 {} -900 20251027
#TRANS 1985 {} 900 20251027
}
#VER "17" "250102" 20251027 "BGI-import (betalning)"
{
#TRANS 1510 {} -900 20251027
#TRANS 1985 {} 900 20251027
}
#VER "17" "250103" 20251027 "BGI-import (betalning)"
{
#TRANS 1510 {} -928 20251027
#TRANS 1985 {} 928 20251027
}
#VER "17" "250104" 20251027 "BGI-import (betalning)"
{
#TRANS 1510 {} -928 20251027
#TRANS 1985 {} 928 20251027
}
#VER "17" "250105" 20251027 "BGI-import (betalning)"
{
#TRANS 1510 {} -900 20251027
#TRANS 1985 {} 900 20251027
}
#VER "17" "250106" 20251027 "BGI-import (betalning)"
{
#TRANS 1510 {} -1228 20251027
#TRANS 1985 {} 1228 20251027
}
#VER "17" "250107" 20251027 "BGI-import (betalning)"
{
#TRANS 1510 {} -928 20251027
#TRANS 1985 {} 928 20251027
}
#VER "17" "250108" 20251028 "BGI-import (betalning)"
{
#TRANS 1510 {} -1200 20251028
#TRANS 1985 {} 1200 20251028
}
#VER "17" "250109" 20251028 "BGI-import (betalning)"
{
#TRANS 1510 {} -900 20251028
#TRANS 1985 {} 900 20251028
}
#VER "17" "250110" 20251028 "BGI-import (betalning)"
{
#TRANS 1510 {} -900 20251028
#TRANS 1985 {} 900 20251028
}
#VER "17" "250111" 20251028 "BGI-import (betalning)"
{
#TRANS 1510 {} -900 20251028
#TRANS 1985 {} 900 20251028
}
#VER "17" "250112" 20251028 "BGI-import (betalning)"
{
#TRANS 1510 {} -928 20251028
#TRANS 1985 {} 928 20251028
}
#VER "17" "250113" 20251028 "BGI-import (betalning)"
{
#TRANS 1510 {} -928 20251028
#TRANS 1985 {} 928 20251028
}
#VER "17" "250114" 20251028 "BGI-import (betalning)"
{
#TRANS 1510 {} -900 20251028
#TRANS 1985 {} 900 20251028
}
#VER "17" "250115" 20251029 "BGI-import (betalning)"
{
#TRANS 1510 {} -900 20251029
#TRANS 1985 {} 900 20251029
}
#VER "17" "250116" 20251029 "BGI-import (betalning)"
{
#TRANS 1510 {} -900 20251029
#TRANS 1985 {} 900 20251029
}
#VER "17" "250117" 20251030 "BGI-import (betalning)"
{
#TRANS 1510 {} -900 20251030
#TRANS 1985 {} 900 20251030
}
#VER "17" "250118" 20251031 "BGI-import (betalning)"
{
#TRANS 1510 {} -900 20251031
#TRANS 1985 {} 900 20251031
}
#VER "17" "250119" 20251031 "BGI-import (betalning)"
{
#TRANS 1510 {} -1200 20251031
#TRANS 1985 {} 1200 20251031
}
#VER "17" "250120" 20251031 "BGI-import (betalning)"
{
#TRANS 1510 {} -900 20251031
#TRANS 1985 {} 900 20251031
}
#VER "17" "250121" 20251031 "BGI-import (betalning)"
{
#TRANS 1510 {} -900 20251031
#TRANS 1985 {} 900 20251031
}
#VER "17" "250122" 20251031 "BGI-import (betalning)"
{
#TRANS 1510 {} -1200 20251031
#TRANS 1985 {} 1200 20251031
}
#VER "17" "250123" 20251031 "BGI-import (betalning)"
{
#TRANS 1510 {} -900 20251031
#TRANS 1985 {} 900 20251031
}
#VER "17" "250124" 20251031 "BGI-import (betalning)"
{
#TRANS 1510 {} -900 20251031
#TRANS 1985 {} 900 20251031
}
#VER "17" "250125" 20251031 "BGI-import (betalning)"
{
#TRANS 1510 {} -900 20251031
#TRANS 1985 {} 900 20251031
}
#VER "17" "250126" 20251031 "BGI-import (betalning)"
{
#TRANS 1510 {} -900 20251031
#TRANS 1985 {} 900 20251031
}
#VER "17" "250127" 20251031 "BGI-import (betalning)"
{
#TRANS 1510 {} -900 20251031
#TRANS 1985 {} 900 20251031
}
#VER "17" "250128" 20251031 "BGI-import (betalning)"
{
#TRANS 1510 {} -322 20251031
#TRANS 1985 {} 322 20251031
}
#VER "17" "250129" 20251031 "BGI-import (betalning)"
{
#TRANS 1510 {} -900 20251031
#TRANS 1985 {} 900 20251031
}
#VER "17" "250130" 20251031 "BGI-import (betalning)"
{
#TRANS 1510 {} -900 20251031
#TRANS 1985 {} 900 20251031
}
#VER "17" "250131" 20251031 "BGI-import (betalning)"
{
#TRANS 1510 {} -900 20251031
#TRANS 1985 {} 900 20251031
}
#VER "17" "250132" 20251031 "BGI-import (betalning)"
{
#TRANS 1510 {} -300 20251031
#TRANS 1985 {} 300 20251031
}
#VER "17" "250133" 20251031 "BGI-import (betalning)"
{
#TRANS 1510 {} -900 20251031
#TRANS 1985 {} 900 20251031
}
#VER "17" "250134" 20251031 "BGI-import (betalning)"
{
#TRANS 1510 {} -900 20251031
#TRANS 1985 {} 900 20251031
}
#VER "17" "250135" 20251031 "BGI-import (betalning)"
{
#TRANS 1510 {} -900 20251031
#TRANS 1985 {} 900 20251031
}
#VER "17" "250136" 20251031 "BGI-import (betalning)"
{
#TRANS 1510 {} -900 20251031
#TRANS 1985 {} 900 20251031
}
#VER "17" "250137" 20251107 "BGI-import (betalning)"
{
#TRANS 1510 {} -847 20251107
#TRANS 1985 {} 847 20251107
}
#VER "17" "250138" 20251110 "BGI-import (betalning)"
{
#TRANS 1510 {} -928 20251110
#TRANS 1985 {} 928 20251110
}
#VER "17" "250139" 20251125 "BGI-import (betalning)"
{
#TRANS 1510 {} -900 20251125
#TRANS 1985 {} 900 20251125
}
#VER "17" "250140" 20251125 "BGI-import (betalning)"
{
#TRANS 1510 {} -928 20251125
#TRANS 1985 {} 928 20251125
}
#VER "17" "250141" 20251125 "BGI-import (betalning)"
{
#TRANS 1510 {} -928 20251125
#TRANS 1985 {} 928 20251125
}
#VER "17" "250142" 20251125 "BGI-import (betalning)"
{
#TRANS 1510 {} -900 20251125
#TRANS 1985 {} 900 20251125
}
#VER "17" "250143" 20251125 "BGI-import (betalning)"
{
#TRANS 1510 {} -900 20251125
#TRANS 1985 {} 900 20251125
}
#VER "17" "250144" 20251125 "BGI-import (betalning)"
{
#TRANS 1510 {} -928 20251125
#TRANS 1985 {} 928 20251125
}
#VER "17" "250145" 20251125 "BGI-import (betalning)"
{
#TRANS 1510 {} -1485 20251125
#TRANS 1985 {} 1485 20251125
}
#VER "17" "250146" 20251125 "BGI-import (betalning)"
{
#TRANS 1510 {} -900 20251125
#TRANS 1985 {} 900 20251125
}
#VER "17" "250147" 20251125 "BGI-import (betalning)"
{
#TRANS 1510 {} -900 20251125
#TRANS 1985 {} 900 20251125
}
#VER "17" "250148" 20251126 "BGI-import (betalning)"
{
#TRANS 1510 {} -900 20251126
#TRANS 1985 {} 900 20251126
}
#VER "17" "250149" 20251126 "BGI-import (betalning)"
{
#TRANS 1510 {} -928 20251126
#TRANS 1985 {} 928 20251126
}
#VER "17" "250150" 20251126 "BGI-import (betalning)"
{
#TRANS 1510 {} -900 20251126
#TRANS 1985 {} 900 20251126
}
#VER "17" "250151" 20251126 "BGI-import (betalning)"
{
#TRANS 1510 {} -928 20251126
#TRANS 1985 {} 928 20251126
}
#VER "17" "250152" 20251127 "BGI-import (betalning)"
{
#TRANS 1510 {} -956 20251127
#TRANS 1985 {} 956 20251127
}
#VER "17" "250153" 20251127 "BGI-import (betalning)"
{
#TRANS 1510 {} -900 20251127
#TRANS 1985 {} 900 20251127
}
#VER "17" "250154" 20251127 "BGI-import (betalning)"
{
#TRANS 1510 {} -1380 20251127
#TRANS 1985 {} 1380 20251127
}
#VER "17" "250155" 20251128 "BGI-import (betalning)"
{
#TRANS 1510 {} -899 20251128
#TRANS 1985 {} 899 20251128
}
#VER "17" "250156" 20251128 "BGI-import (betalning)"
{
#TRANS 1510 {} -900 20251128
#TRANS 1985 {} 900 20251128
}
#VER "17" "250157" 20251128 "BGI-import (betalning)"
{
#TRANS 1510 {} -1200 20251128
#TRANS 1985 {} 1200 20251128
}
#VER "17" "250158" 20251128 "BGI-import (betalning)"
{
#TRANS 1510 {} -900 20251128
#TRANS 1985 {} 900 20251128
}
#VER "17" "250159" 20251128 "BGI-import (betalning)"
{
#TRANS 1510 {} -928 20251128
#TRANS 1985 {} 928 20251128
}
#VER "17" "250160" 20251128 "BGI-import (betalning)"
{
#TRANS 1510 {} -900 20251128
#TRANS 1985 {} 900 20251128
}
#VER "17" "250161" 20251128 "BGI-import (betalning)"
{
#TRANS 1510 {} -928 20251128
#TRANS 1985 {} 928 20251128
}
#VER "17" "250162" 20251128 "BGI-import (betalning)"
{
#TRANS 1510 {} -900 20251128
#TRANS 1985 {} 900 20251128
}
#VER "17" "250163" 20251128 "BGI-import (betalning)"
{
#TRANS 1510 {} -900 20251128
#TRANS 1985 {} 900 20251128
}
#VER "17" "250164" 20251128 "BGI-import (betalning)"
{
#TRANS 1510 {} -900 20251128
#TRANS 1985 {} 900 20251128
}
#VER "17" "250165" 20251128 "BGI-import (betalning)"
{
#TRANS 1510 {} -1200 20251128
#TRANS 1985 {} 1200 20251128
}
#VER "17" "250166" 20251128 "BGI-import (betalning)"
{
#TRANS 1510 {} -900 20251128
#TRANS 1985 {} 900 20251128
}
#VER "17" "250167" 20251128 "BGI-import (betalning)"
{
#TRANS 1510 {} -900 20251128
#TRANS 1985 {} 900 20251128
}
#VER "17" "250168" 20251128 "BGI-import (betalning)"
{
#TRANS 1510 {} -900 20251128
#TRANS 1985 {} 900 20251128
}
#VER "17" "250169" 20251128 "BGI-import (betalning)"
{
#TRANS 1510 {} -900 20251128
#TRANS 1985 {} 900 20251128
}
#VER "17" "250170" 20251128 "BGI-import (betalning)"
{
#TRANS 1510 {} -300 20251128
#TRANS 1985 {} 300 20251128
}
#VER "17" "250171" 20251128 "BGI-import (betalning)"
{
#TRANS 1510 {} -900 20251128
#TRANS 1985 {} 900 20251128
}
#VER "17" "250172" 20251128 "BGI-import (betalning)"
{
#TRANS 1510 {} -322 20251128
#TRANS 1985 {} 322 20251128
}
#VER "17" "250173" 20251128 "BGI-import (betalning)"
{
#TRANS 1510 {} -900 20251128
#TRANS 1985 {} 900 20251128
}
#VER "17" "250174" 20251128 "BGI-import (betalning)"
{
#TRANS 1510 {} -600 20251128
#TRANS 1985 {} 600 20251128
}
#VER "17" "250175" 20251128 "BGI-import (betalning)"
{
#TRANS 1510 {} -900 20251128
#TRANS 1985 {} 900 20251128
}
#VER "17" "250176" 20251128 "BGI-import (betalning)"
{
#TRANS 1510 {} -900 20251128
#TRANS 1985 {} 900 20251128
}
#VER "17" "250177" 20251128 "BGI-import (betalning)"
{
#TRANS 1510 {} -900 20251128
#TRANS 1985 {} 900 20251128
}
#VER "17" "250178" 20251128 "BGI-import (betalning)"
{
#TRANS 1510 {} -900 20251128
#TRANS 1985 {} 900 20251128
}
#VER "17" "250179" 20251128 "BGI-import (betalning)"
{
#TRANS 1510 {} -900 20251128
#TRANS 1985 {} 900 20251128
}
#VER "17" "250180" 20251128 "BGI-import (betalning)"
{
#TRANS 1510 {} -900 20251128
#TRANS 1985 {} 900 20251128
}
#VER "17" "250181" 20251201 "Automatisk ombokning"
{
#TRANS 1510 {} 900 20251201
#TRANS 1530 {} -900 20251201
}
#VER "17" "250182" 20251201 "BGI-import (betalning)"
{
#TRANS 1510 {} -1200 20251201
#TRANS 1985 {} 1200 20251201
}
#VER "17" "250183" 20251208 "BGI-import (betalning)"
{
#TRANS 1510 {} -900 20251208
#TRANS 1985 {} 900 20251208
}
#VER "17" "250184" 20251208 "BGI-import (betalning)"
{
#TRANS 1510 {} -900 20251208
#TRANS 1985 {} 900 20251208
}
#VER "17" "250185" 20251217 "BGI-import (betalning)"
{
#TRANS 1510 {} -968 20251217
#TRANS 1985 {} 968 20251217
}
#VER "17" "250186" 20251219 "BGI-import (betalning)"
{
#TRANS 1510 {} -928 20251219
#TRANS 1985 {} 928 20251219
}
#VER "17" "250187" 20251219 "BGI-import (betalning)"
{
#TRANS 1510 {} -928 20251219
#TRANS 1985 {} 928 20251219
}
#VER "17" "250188" 20251219 "BGI-import (betalning)"
{
#TRANS 1510 {} -360 20251219
#TRANS 1985 {} 360 20251219
}
#VER "17" "250189" 20251222 "BGI-import (betalning)"
{
#TRANS 1510 {} -2365 20251222
#TRANS 1985 {} 2365 20251222
}
#VER "17" "250190" 20251222 "BGI-import (betalning)"
{
#TRANS 1510 {} -928 20251222
#TRANS 1985 {} 928 20251222
}
#VER "17" "250191" 20251223 "BGI-import (betalning)"
{
#TRANS 1510 {} -928 20251223
#TRANS 1985 {} 928 20251223
}
#VER "17" "250192" 20251223 "BGI-import (betalning)"
{
#TRANS 1510 {} -900 20251223
#TRANS 1985 {} 900 20251223
}
#VER "17" "250193" 20251223 "BGI-import (betalning)"
{
#TRANS 1510 {} -900 20251223
#TRANS 1985 {} 900 20251223
}
#VER "17" "250194" 20251223 "BGI-import (betalning)"
{
#TRANS 1510 {} -1010 20251223
#TRANS 1985 {} 1010 20251223
}
#VER "17" "250195" 20251223 "BGI-import (betalning)"
{
#TRANS 1510 {} -928 20251223
#TRANS 1985 {} 928 20251223
}
#VER "17" "250196" 20251223 "BGI-import (betalning)"
{
#TRANS 1510 {} -900 20251223
#TRANS 1985 {} 900 20251223
}
#VER "17" "250197" 20251223 "BGI-import (betalning)"
{
#TRANS 1510 {} -900 20251223
#TRANS 1985 {} 900 20251223
}
#VER "17" "250198" 20251229 "BGI-import (betalning)"
{
#TRANS 1510 {} -900 20251229
#TRANS 1985 {} 900 20251229
}
#VER "17" "250199" 20251229 "BGI-import (betalning)"
{
#TRANS 1510 {} -928 20251229
#TRANS 1985 {} 928 20251229
}
#VER "17" "250200" 20251229 "BGI-import (betalning)"
{
#TRANS 1510 {} -900 20251229
#TRANS 1985 {} 900 20251229
}
#VER "17" "250201" 20251229 "BGI-import (betalning)"
{
#TRANS 1510 {} -900 20251229
#TRANS 1985 {} 900 20251229
}
#VER "17" "250202" 20251229 "BGI-import (betalning)"
{
#TRANS 1510 {} -900 20251229
#TRANS 1985 {} 900 20251229
}
#VER "17" "250203" 20251229 "BGI-import (betalning)"
{
#TRANS 1510 {} -928 20251229
#TRANS 1985 {} 928 20251229
}
#VER "17" "250204" 20251229 "BGI-import (betalning)"
{
#TRANS 1510 {} -928 20251229
#TRANS 1985 {} 928 20251229
}
#VER "17" "250205" 20251229 "BGI-import (betalning)"
{
#TRANS 1510 {} -928 20251229
#TRANS 1985 {} 928 20251229
}
#VER "17" "250206" 20251229 "BGI-import (betalning)"
{
#TRANS 1510 {} -928 20251229
#TRANS 1985 {} 928 20251229
}
#VER "17" "250207" 20251229 "BGI-import (betalning)"
{
#TRANS 1510 {} -928 20251229
#TRANS 1985 {} 928 20251229
}
#VER "17" "250208" 20251230 "BGI-import (betalning)"
{
#TRANS 1510 {} -900 20251230
#TRANS 1985 {} 900 20251230
}
#VER "17" "250209" 20251230 "BGI-import (betalning)"
{
#TRANS 1510 {} -900 20251230
#TRANS 1985 {} 900 20251230
}
#VER "17" "250210" 20251230 "BGI-import (betalning)"
{
#TRANS 1510 {} -1200 20251230
#TRANS 1985 {} 1200 20251230
}
#VER "17" "250211" 20251230 "BGI-import (betalning)"
{
#TRANS 1510 {} -900 20251230
#TRANS 1985 {} 900 20251230
}
#VER "17" "250212" 20251230 "BGI-import (betalning)"
{
#TRANS 1510 {} -900 20251230
#TRANS 1985 {} 900 20251230
}
#VER "17" "250213" 20251230 "BGI-import (betalning)"
{
#TRANS 1510 {} -1200 20251230
#TRANS 1985 {} 1200 20251230
}
#VER "17" "250214" 20251230 "BGI-import (betalning)"
{
#TRANS 1510 {} -900 20251230
#TRANS 1985 {} 900 20251230
}
#VER "17" "250215" 20251230 "BGI-import (betalning)"
{
#TRANS 1510 {} -900 20251230
#TRANS 1985 {} 900 20251230
}
#VER "17" "250216" 20251230 "BGI-import (betalning)"
{
#TRANS 1510 {} -300 20251230
#TRANS 1985 {} 300 20251230
}
#VER "17" "250217" 20251230 "BGI-import (betalning)"
{
#TRANS 1510 {} -900 20251230
#TRANS 1985 {} 900 20251230
}
#VER "17" "250218" 20251230 "BGI-import (betalning)"
{
#TRANS 1510 {} -900 20251230
#TRANS 1985 {} 900 20251230
}
#VER "17" "250219" 20251230 "BGI-import (betalning)"
{
#TRANS 1510 {} -900 20251230
#TRANS 1985 {} 900 20251230
}
#VER "17" "250220" 20251230 "BGI-import (betalning)"
{
#TRANS 1510 {} -2184 20251230
#TRANS 1985 {} 2184 20251230
}
#VER "17" "250221" 20251230 "BGI-import (betalning)"
{
#TRANS 1510 {} -1346 20251230
#TRANS 1985 {} 1346 20251230
}
#VER "17" "250222" 20251230 "BGI-import (betalning)"
{
#TRANS 1510 {} -300 20251230
#TRANS 1985 {} 300 20251230
}
#VER "17" "250223" 20251230 "BGI-import (betalning)"
{
#TRANS 1510 {} -900 20251230
#TRANS 1985 {} 900 20251230
}
#VER "17" "250224" 20251230 "BGI-import (betalning)"
{
#TRANS 1510 {} -1200 20251230
#TRANS 1985 {} 1200 20251230
}
#VER "17" "250225" 20251230 "BGI-import (betalning)"
{
#TRANS 1510 {} -900 20251230
#TRANS 1985 {} 900 20251230
}
#VER "17" "250226" 20251230 "BGI-import (betalning)"
{
#TRANS 1510 {} -900 20251230
#TRANS 1985 {} 900 20251230
}
#VER "17" "250227" 20251230 "BGI-import (betalning)"
{
#TRANS 1510 {} -1794 20251230
#TRANS 1985 {} 1794 20251230
}
#VER "17" "250228" 20251230 "BGI-import (betalning)"
{
#TRANS 1510 {} -900 20251230
#TRANS 1985 {} 900 20251230
}
#VER "17" "250229" 20251230 "BGI-import (betalning)"
{
#TRANS 1510 {} -900 20251230
#TRANS 1985 {} 900 20251230
}
#VER "17" "250230" 20251230 "BGI-import (betalning)"
{
#TRANS 1510 {} -900 20251230
#TRANS 1985 {} 900 20251230
}
#VER "17" "250231" 20251231 "Automatisk ombokning"
{
#TRANS 1510 {} 8 20251231
#TRANS 1530 {} -8 20251231
}
#VER "18" "250001" 20250114 "Ber„knad skatt 2025"
{
#TRANS 2513 {} -1724 20250114
#TRANS 4805 {} 1724 20250114
}
#VER "18" "250002" 20250331 "Kvittad kundfaktura"
{
#TRANS 1510 {} -1569 20250331
#TRANS 1510 {} 1569 20250331
}
#VER "18" "250003" 20250416 "Kvittad kundfaktura"
{
#TRANS 1510 {} -22 20250416
#TRANS 1510 {} 22 20250416
}
#VER "18" "250004" 20250331 "Ombokning inbetalning "
{
#TRANS 1510 {} -900 20250331
#TRANS 1985 {} 900 20250331
}
#VER "18" "250005" 20250331 "Ombokning inbetalning "
{
#TRANS 1510 {} -900 20250331
#TRANS 1985 {} 900 20250331
}
#VER "18" "250006" 20250331 "Ombokning inbetalning"
{
#TRANS 1510 {} -900 20250331
#TRANS 1985 {} 900 20250331
}
#VER "18" "250007" 20250331 "Obokning inbetalning"
{
#TRANS 1510 {} -900 20250331
#TRANS 1985 {} 900 20250331
}
#VER "18" "250008" 20250331 "Ombokning inbetalning"
{
#TRANS 1510 {} -900 20250331
#TRANS 1985 {} 900 20250331
}
#VER "18" "250009" 20250331 "Ombokning inbetalning "
{
#TRANS 1510 {} -900 20250331
#TRANS 1985 {} 900 20250331
}
#VER "18" "250010" 20250331 "Ombokning inbetalning"
{
#TRANS 1510 {} -900 20250331
#TRANS 1985 {} 900 20250331
}
#VER "18" "250011" 20250331 "Ombokning inbetalning"
{
#TRANS 1510 {} -900 20250331
#TRANS 1985 {} 900 20250331
}
#VER "18" "250012" 20250331 "ombokning inbetalning "
{
#TRANS 1510 {} -900 20250331
#TRANS 1985 {} 900 20250331
}
#VER "18" "250013" 20250331 "Ombokning inbetalning "
{
#TRANS 1510 {} -900 20250331
#TRANS 1985 {} 900 20250331
}
#VER "18" "250014" 20250331 "Ombokning inbetalning "
{
#TRANS 1510 {} -900 20250331
#TRANS 1985 {} 900 20250331
}
#VER "18" "250015" 20250331 "Ombokning inbetalning "
{
#TRANS 1510 {} -900 20250331
#TRANS 1985 {} 900 20250331
}
#VER "18" "250016" 20250331 "Ombokning inbetalning "
{
#TRANS 1510 {} -900 20250331
#TRANS 1985 {} 900 20250331
}
#VER "18" "250017" 20250331 "Ombokning inbetalning "
{
#TRANS 1510 {} -900 20250331
#TRANS 1985 {} 900 20250331
}
#VER "18" "250018" 20250331 "Ombokning inbetalning"
{
#TRANS 1510 {} -981 20250331
#TRANS 1985 {} 981 20250331
}
#VER "18" "250019" 20250331 "Ombokning inbetalning"
{
#TRANS 1510 {} -1200 20250331
#TRANS 1985 {} 1200 20250331
}
#VER "18" "250020" 20250331 "Ombokning inbetalning "
{
#TRANS 1510 {} -900 20250331
#TRANS 1985 {} 900 20250331
}
#VER "18" "250021" 20250331 "Ombokning inbetalning"
{
#TRANS 1510 {} -900 20250331
#TRANS 1985 {} 900 20250331
}
#VER "18" "250022" 20250331 "ombokning inbetalning "
{
#TRANS 1510 {} -900 20250331
#TRANS 1985 {} 900 20250331
}
#VER "18" "250023" 20250401 "Ombokning inbetalning"
{
#TRANS 1510 {} -900 20250401
#TRANS 1985 {} 900 20250401
}
#VER "18" "250024" 20250401 "Ombokning inbetalning "
{
#TRANS 1510 {} -900 20250401
#TRANS 1985 {} 900 20250401
}
#VER "18" "250025" 20250401 "Ombokning inbetalning "
{
#TRANS 1510 {} -900 20250401
#TRANS 1985 {} 900 20250401
}
#VER "18" "250026" 20250402 "Ombokning inbetalning "
{
#TRANS 1510 {} -900 20250402
#TRANS 1985 {} 900 20250402
}
#VER "18" "250027" 20250402 "Ombokning inbetalning "
{
#TRANS 1510 {} -900 20250402
#TRANS 1985 {} 900 20250402
}
#VER "18" "250028" 20250402 "Ombokning inbetalning "
{
#TRANS 1510 {} -2343 20250402
#TRANS 1985 {} 2343 20250402
}
#VER "18" "250029" 20250404 "Ombokning inbetalning "
{
#TRANS 1510 {} -1026 20250404
#TRANS 1985 {} 1026 20250404
}
#VER "18" "250030" 20250404 "Ombokning inbetalning "
{
#TRANS 1510 {} -1200 20250404
#TRANS 1985 {} 1200 20250404
}
#VER "18" "250031" 20250407 "Ombokning inbetalning "
{
#TRANS 1510 {} -900 20250407
#TRANS 1985 {} 900 20250407
}
#VER "18" "250032" 20250407 "Ombokning inbetalning"
{
#TRANS 1510 {} -900 20250407
#TRANS 1985 {} 900 20250407
}
#VER "18" "250033" 20250407 "Ombokning inbetalning"
{
#TRANS 1510 {} -900 20250407
#TRANS 1985 {} 900 20250407
}
#VER "18" "250034" 20250407 "Omboning inbetalning "
{
#TRANS 1510 {} -900 20250407
#TRANS 1985 {} 900 20250407
}
#VER "18" "250035" 20250407 "Ombokning inbetalning "
{
#TRANS 1510 {} -900 20250407
#TRANS 1985 {} 900 20250407
}
#VER "18" "250036" 20250407 "Ombokning inbetalning "
{
#TRANS 1510 {} -1200 20250407
#TRANS 1985 {} 1200 20250407
}
#VER "18" "250037" 20250407 "Ombokning inbetalning "
{
#TRANS 1510 {} -1289 20250407
#TRANS 1985 {} 1289 20250407
}
#VER "18" "250038" 20250409 "Ombokning inbetalning "
{
#TRANS 1510 {} -900 20250409
#TRANS 1985 {} 900 20250409
}
#VER "18" "250039" 20250409 "Ombokning inbetalning "
{
#TRANS 1510 {} -900 20250409
#TRANS 1985 {} 900 20250409
}
#VER "18" "250040" 20250409 "Ombokning inbetalning "
{
#TRANS 1510 {} -900 20250409
#TRANS 1985 {} 900 20250409
}
#VER "18" "250041" 20250410 "Ombokning inbetalning "
{
#TRANS 1510 {} -900 20250410
#TRANS 1985 {} 900 20250410
}
#VER "18" "250042" 20250410 "Ombokning inbetalning "
{
#TRANS 1510 {} -900 20250410
#TRANS 1985 {} 900 20250410
}
#VER "18" "250043" 20250410 "Ombokning inbetalning"
{
#TRANS 1510 {} -900 20250410
#TRANS 1985 {} 900 20250410
}
#VER "18" "250044" 20250410 "Ombokning inbetalning"
{
#TRANS 1510 {} -900 20250410
#TRANS 1985 {} 900 20250410
}
#VER "18" "250045" 20250410 "Ombokning inbetalning"
{
#TRANS 1510 {} -2448 20250410
#TRANS 1985 {} 2448 20250410
}
#VER "18" "250046" 20250411 "Ombokning inbetalning "
{
#TRANS 1510 {} -900 20250411
#TRANS 1985 {} 900 20250411
}
#VER "18" "250047" 20250414 "Ombokning inbetalning"
{
#TRANS 1510 {} -900 20250414
#TRANS 1985 {} 900 20250414
}
#VER "18" "250048" 20250417 "Ombokning inbetalning"
{
#TRANS 1510 {} -900 20250417
#TRANS 1985 {} 900 20250417
}
#VER "18" "250049" 20250422 "Ombokning inbetalning "
{
#TRANS 1510 {} -563 20250422
#TRANS 1985 {} 563 20250422
}
#VER "18" "250050" 20250422 "Ombokning inbetalning"
{
#TRANS 1510 {} -928 20250422
#TRANS 1985 {} 928 20250422
}
#VER "18" "250051" 20250422 "Ombokning inbetalning"
{
#TRANS 1510 {} -2448 20250422
#TRANS 1985 {} 2448 20250422
}
#VER "18" "250052" 20250423 "Ombokning inbetalning "
{
#TRANS 1510 {} -900 20250423
#TRANS 1985 {} 900 20250423
}
#VER "18" "250053" 20250331 "Korr: 18-250016"
{
#TRANS 1510 {} 900 20250331
#TRANS 1985 {} -900 20250331
}
#VER "18" "250054" 20250430 "Ombokning †terbetalning Boris Ivanic"
{
#TRANS 1510 {} 2448 20250430
#TRANS 2420 {} -2448 20250430
}
#VER "18" "250055" 20250509 "Flytta skuld fr†n avi 776543696"
{
#TRANS 1510 {} -28 20250509
#TRANS 1520 {} 28 20250509
}
#VER "18" "250056" 20250516 "Kvittad kundfaktura"
{
#TRANS 1510 {} -810 20250516
#TRANS 1510 {} 810 20250516
}
#VER "18" "250057" 20250430 "ombokning inbetalning"
{
#TRANS 1510 {} -928 20250430
#TRANS 1985 {} 928 20250430
}
#VER "18" "250058" 20250429 "ombokning inbetalning "
{
#TRANS 1510 {} -900 20250429
#TRANS 1985 {} 900 20250429
}
#VER "18" "250059" 20250429 "ombokning inbetalning "
{
#TRANS 1510 {} -900 20250429
#TRANS 1985 {} 900 20250429
}
#VER "18" "250060" 20250429 "ombokning inbetalning "
{
#TRANS 1510 {} -928 20250429
#TRANS 1985 {} 928 20250429
}
#VER "18" "250061" 20250430 "ombokning inbetalning"
{
#TRANS 1510 {} -900 20250430
#TRANS 1985 {} 900 20250430
}
#VER "18" "250062" 20250430 "ombokning inbetalning"
{
#TRANS 1510 {} -900 20250430
#TRANS 1985 {} 900 20250430
}
#VER "18" "250063" 20250429 "ombokning inbetalning "
{
#TRANS 1510 {} -900 20250429
#TRANS 1985 {} 900 20250429
}
#VER "18" "250064" 20250425 "ombokning inbetalning"
{
#TRANS 1510 {} -928 20250425
#TRANS 1985 {} 928 20250425
}
#VER "18" "250065" 20250425 "ombokning inbetalning"
{
#TRANS 1510 {} -900 20250425
#TRANS 1985 {} 900 20250425
}
#VER "18" "250066" 20250428 "ombokning inbetalning"
{
#TRANS 1510 {} 928 20250428
#TRANS 1985 {} -928 20250428
}
#VER "18" "250067" 20250428 "v„nder ver 18-250066"
{
#TRANS 1510 {} -928 20250428
#TRANS 1985 {} 928 20250428
}
#VER "18" "250068" 20250428 "ombokning inbetalning"
{
#TRANS 1510 {} -928 20250428
#TRANS 1985 {} 928 20250428
}
#VER "18" "250069" 20250528 "ombokning inbetalning"
{
#TRANS 1510 {} -900 20250528
#TRANS 1985 {} 900 20250528
}
#VER "18" "250070" 20250425 "ombokning inbetalning"
{
#TRANS 1510 {} -928 20250425
#TRANS 1985 {} 928 20250425
}
#VER "18" "250071" 20250528 "Ombokning inbetalning"
{
#TRANS 1510 {} -900 20250528
#TRANS 1985 {} 900 20250528
}
#VER "18" "250072" 20250430 "Ombokning inbetalning "
{
#TRANS 1510 {} -928 20250430
#TRANS 1985 {} 928 20250430
}
#VER "18" "250073" 20250425 "Ombokning inbetalning "
{
#TRANS 1510 {} -900 20250425
#TRANS 1985 {} 900 20250425
}
#VER "18" "250074" 20250425 "Ombokning inbetalning "
{
#TRANS 1510 {} -928 20250425
#TRANS 1985 {} 928 20250425
}
#VER "18" "250075" 20250425 "Ombokning inbetalning "
{
#TRANS 1510 {} -928 20250425
#TRANS 1985 {} 928 20250425
}
#VER "18" "250076" 20250425 "Ombokning inbetalning"
{
#TRANS 1510 {} -928 20250425
#TRANS 1985 {} 928 20250425
}
#VER "18" "250077" 20250425 "Ombokning inbetalning"
{
#TRANS 1510 {} -928 20250425
#TRANS 1985 {} 928 20250425
}
#VER "18" "250078" 20250425 "Ombokning inbetalning"
{
#TRANS 1510 {} -1228 20250425
#TRANS 1985 {} 1228 20250425
}
#VER "18" "250079" 20250428 "Ombokning inbetalning "
{
#TRANS 1510 {} -900 20250428
#TRANS 1985 {} 900 20250428
}
#VER "18" "250080" 20250428 "Ombokning inbetalning "
{
#TRANS 1510 {} -900 20250428
#TRANS 1985 {} 900 20250428
}
#VER "18" "250081" 20250428 "Ombokning inbetalning"
{
#TRANS 1510 {} -900 20250428
#TRANS 1985 {} 900 20250428
}
#VER "18" "250082" 20250428 "Ombokning inbetalning "
{
#TRANS 1510 {} -900 20250428
#TRANS 1985 {} 900 20250428
}
#VER "18" "250083" 20250428 "Ombokning inbetalning"
{
#TRANS 1510 {} -900 20250428
#TRANS 1985 {} 900 20250428
}
#VER "18" "250084" 20250428 "ombokning inbetalning"
{
#TRANS 1510 {} -928 20250428
#TRANS 1985 {} 928 20250428
}
#VER "18" "250085" 20250428 "Ombokning inbetalning"
{
#TRANS 1510 {} -928 20250428
#TRANS 1985 {} 928 20250428
}
#VER "18" "250086" 20250428 "Ombokning inbetalning"
{
#TRANS 1510 {} -1200 20250428
#TRANS 1985 {} 1200 20250428
}
#VER "18" "250087" 20250428 "Ombokning inbetalning"
{
#TRANS 1510 {} -1200 20250428
#TRANS 1985 {} 1200 20250428
}
#VER "18" "250088" 20250429 "Ombokning inbetalning "
{
#TRANS 1510 {} -900 20250429
#TRANS 1985 {} 900 20250429
}
#VER "18" "250089" 20250429 "Ombokning inbetalning "
{
#TRANS 1510 {} -925 20250429
#TRANS 1985 {} 925 20250429
}
#VER "18" "250090" 20250429 "Ombokning inbetalning"
{
#TRANS 1510 {} -928 20250429
#TRANS 1985 {} 928 20250429
}
#VER "18" "250091" 20250430 "Ombokning inbetalning "
{
#TRANS 1510 {} -300 20250430
#TRANS 1985 {} 300 20250430
}
#VER "18" "250092" 20250430 "Ombokning inbetalning "
{
#TRANS 1510 {} -928 20250430
#TRANS 1985 {} 928 20250430
}
#VER "18" "250093" 20250430 "Ombokning inbetalning"
{
#TRANS 1510 {} -1228 20250430
#TRANS 1985 {} 1228 20250430
}
#VER "18" "250094" 20250502 "Ombokning inbetalning "
{
#TRANS 1510 {} -900 20250502
#TRANS 1985 {} 900 20250502
}
#VER "18" "250095" 20250502 "Ombokning inbetalning "
{
#TRANS 1510 {} -900 20250502
#TRANS 1985 {} 900 20250502
}
#VER "18" "250096" 20250502 "Ombokning inbetalning "
{
#TRANS 1510 {} -928 20250502
#TRANS 1985 {} 928 20250502
}
#VER "18" "250097" 20250505 "Ombokning inbetalning"
{
#TRANS 1510 {} -928 20250505
#TRANS 1985 {} 928 20250505
}
#VER "18" "250098" 20250513 "Ombokning inbetalning"
{
#TRANS 1510 {} -928 20250513
#TRANS 1985 {} 928 20250513
}
#VER "18" "250099" 20250519 "Ombokning inbetalning"
{
#TRANS 1510 {} -928 20250519
#TRANS 1985 {} 928 20250519
}
#VER "18" "250100" 20250520 "Ombokning inbetalning"
{
#TRANS 1510 {} -900 20250520
#TRANS 1510 {} -2469 20250520
#TRANS 1985 {} 3369 20250520
}
#VER "18" "250101" 20250520 "ombokning inbetalning "
{
#TRANS 1510 {} -928 20250520
#TRANS 1510 {} -928 20250520
#TRANS 1985 {} 1856 20250520
}
#VER "18" "250102" 20250523 "Ombokning inbetalning "
{
#TRANS 1510 {} -928 20250523
#TRANS 1985 {} 928 20250523
}
#VER "18" "250103" 20250523 "Ombokning inbetalning"
{
#TRANS 1510 {} -928 20250523
#TRANS 1510 {} -928 20250523
#TRANS 1985 {} 1856 20250523
}
#VER "18" "250104" 20250523 "Ombokning inbetalning"
{
#TRANS 1510 {} -1200 20250523
#TRANS 1985 {} 1200 20250523
}
#VER "18" "250105" 20250526 "Ombokning inbetalning"
{
#TRANS 1510 {} -900 20250526
#TRANS 1985 {} 900 20250526
}
#VER "18" "250106" 20250526 "Ombokning inbetalning"
{
#TRANS 1510 {} -900 20250526
#TRANS 1985 {} 900 20250526
}
#VER "18" "250107" 20250526 "Ombokning inbetalning"
{
#TRANS 1510 {} -900 20250526
#TRANS 1985 {} 900 20250526
}
#VER "18" "250108" 20250526 "Ombokning inbetalning"
{
#TRANS 1510 {} -900 20250526
#TRANS 1985 {} 900 20250526
}
#VER "18" "250109" 20250526 "ombokning inbetalning"
{
#TRANS 1510 {} -900 20250526
#TRANS 1985 {} 900 20250526
}
#VER "18" "250110" 20250526 "Ombokning inbetalning "
{
#TRANS 1510 {} -900 20250526
#TRANS 1985 {} 900 20250526
}
#VER "18" "250111" 20250526 "Ombokning inbetalning"
{
#TRANS 1510 {} -928 20250526
#TRANS 1985 {} 928 20250526
}
#VER "18" "250112" 20250527 "Ombokning inbetalning"
{
#TRANS 1510 {} -900 20250527
#TRANS 1985 {} 900 20250527
}
#VER "18" "250113" 20250527 "Ombokning inbetalning"
{
#TRANS 1510 {} -900 20250527
#TRANS 1985 {} 900 20250527
}
#VER "18" "250114" 20250527 "Ombokning inbetalning"
{
#TRANS 1510 {} -900 20250527
#TRANS 1985 {} 900 20250527
}
#VER "18" "250115" 20250527 "Ombokning inbetalning"
{
#TRANS 1510 {} -900 20250527
#TRANS 1985 {} 900 20250527
}
#VER "18" "250116" 20250527 "Ombokning inbetalning"
{
#TRANS 1510 {} -928 20250527
#TRANS 1985 {} 928 20250527
}
#VER "18" "250117" 20250527 "Ombokning inbetalning"
{
#TRANS 1510 {} -928 20250527
#TRANS 1985 {} 928 20250527
}
#VER "18" "250118" 20250527 "Ombokning inbetalning"
{
#TRANS 1510 {} -928 20250527
#TRANS 1510 {} -928 20250527
#TRANS 1985 {} 1856 20250527
}
#VER "18" "250119" 20250528 "Ombokning inbetalning"
{
#TRANS 1510 {} -900 20250528
#TRANS 1985 {} 900 20250528
}
#VER "18" "250120" 20250528 "Ombokning inbetalning"
{
#TRANS 1510 {} -900 20250528
#TRANS 1985 {} 900 20250528
}
#VER "18" "250121" 20250528 "Ombokning inbetalning"
{
#TRANS 1510 {} -1200 20250528
#TRANS 1985 {} 1200 20250528
}
#VER "18" "250122" 20250528 "Ombokning inbetalning"
{
#TRANS 1510 {} -1200 20250528
#TRANS 1985 {} 1200 20250528
}
#VER "18" "250123" 20250530 "Ombokning inbetalning"
{
#TRANS 1510 {} -322 20250530
#TRANS 1985 {} 322 20250530
}
#VER "18" "250124" 20250530 "Ombokning inbetalning"
{
#TRANS 1510 {} -630 20250530
#TRANS 1985 {} 630 20250530
}
#VER "18" "250125" 20250530 "Ombokning inbetalning"
{
#TRANS 1510 {} -900 20250530
#TRANS 1985 {} 900 20250530
}
#VER "18" "250126" 20250530 "Ombokning inbetalning"
{
#TRANS 1510 {} -900 20250530
#TRANS 1985 {} 900 20250530
}
#VER "18" "250127" 20250530 "Ombokning inbetalning"
{
#TRANS 1510 {} -900 20250530
#TRANS 1985 {} 900 20250530
}
#VER "18" "250128" 20250530 "Ombokning inbetalning"
{
#TRANS 1510 {} -900 20250530
#TRANS 1985 {} 900 20250530
}
#VER "18" "250129" 20250530 "ombokning inbetalning"
{
#TRANS 1510 {} -900 20250530
#TRANS 1985 {} 900 20250530
}
#VER "18" "250130" 20250530 "Ombokning inbetalning"
{
#TRANS 1510 {} -900 20250530
#TRANS 1985 {} 900 20250530
}
#VER "18" "250131" 20250530 "Ombokning inbetalning"
{
#TRANS 1510 {} -900 20250530
#TRANS 1985 {} 900 20250530
}
#VER "18" "250132" 20250530 "Ombokning inbetalning"
{
#TRANS 1510 {} -1200 20250530
#TRANS 1985 {} 1200 20250530
}
#VER "18" "250133" 20250602 "Ombokning inbetalning"
{
#TRANS 1510 {} -900 20250602
#TRANS 1985 {} 900 20250602
}
#VER "18" "250134" 20250605 "Ombokning inbetalning"
{
#TRANS 1510 {} -928 20250605
#TRANS 1985 {} 928 20250605
}
#VER "18" "250135" 20250610 "Ombokning inbetalning"
{
#TRANS 1510 {} -3065 20250610
#TRANS 1985 {} 3065 20250610
}
#VER "18" "250136" 20250613 "Ombokning inbetalning"
{
#TRANS 1510 {} -956 20250613
#TRANS 1985 {} 956 20250613
}
#VER "18" "250137" 20250623 "Tillgodo fr†n avi 8149274"
{
#TRANS 1510 {} 28 20250623
#TRANS 1530 {} -28 20250623
}
#VER "18" "250138" 20250623 "Tillgodo fr†n avi 776546897"
{
#TRANS 1510 {} 900 20250623
#TRANS 1530 {} -900 20250623
}
#VER "18" "250139" 20250625 "Ombokning inbetalning "
{
#TRANS 1510 {} -900 20250625
#TRANS 1985 {} 900 20250625
}
#VER "18" "250140" 20250704 "Ombokning av inbetalning"
{
#TRANS 1510 {} -322 20250704
#TRANS 1985 {} 322 20250704
}
#VER "18" "250141" 20250704 "Ombokning av inbetalning"
{
#TRANS 1510 {} -900 20250704
#TRANS 1985 {} 900 20250704
}
#VER "18" "250142" 20250704 "Ombokning av inbetalning"
{
#TRANS 1510 {} -900 20250704
#TRANS 1985 {} 900 20250704
}
#VER "18" "250143" 20250704 "Ombokning av inbetalning"
{
#TRANS 1510 {} -900 20250704
#TRANS 1985 {} 900 20250704
}
#VER "18" "250144" 20250704 "Ombokning av inbetalning"
{
#TRANS 1510 {} -900 20250704
#TRANS 1985 {} 900 20250704
}
#VER "18" "250145" 20250704 "Ombokning av inbetalning."
{
#TRANS 1510 {} -900 20250704
#TRANS 1985 {} 900 20250704
}
#VER "18" "250146" 20250704 "Ombokning av inbetalning"
{
#TRANS 1510 {} -900 20250704
#TRANS 1985 {} 900 20250704
}
#VER "18" "250147" 20250704 "Ombokning av inbetalning."
{
#TRANS 1510 {} -1200 20250704
#TRANS 1985 {} 1200 20250704
}
#VER "18" "250148" 20250704 "Ombokning av inbetalning"
{
#TRANS 1510 {} -900 20250704
#TRANS 1985 {} 900 20250704
}
#VER "18" "250149" 20250704 "Ombokning av inbetalning"
{
#TRANS 1510 {} -900 20250704
#TRANS 1985 {} 900 20250704
}
#VER "18" "250150" 20250704 "Ombokning av inbetalning"
{
#TRANS 1510 {} -928 20250704
#TRANS 1985 {} 928 20250704
}
#VER "18" "250151" 20250704 "Ombokning av inbetalning"
{
#TRANS 1510 {} -928 20250704
#TRANS 1985 {} 928 20250704
}
#VER "18" "250152" 20250704 "Ombokning av inbetalning"
{
#TRANS 1510 {} -928 20250704
#TRANS 1985 {} 928 20250704
}
#VER "18" "250153" 20250704 "Ombokning av inbetalning"
{
#TRANS 1510 {} -928 20250704
#TRANS 1985 {} 928 20250704
}
#VER "18" "250154" 20250704 "Ombokning av inbetalning"
{
#TRANS 1510 {} -900 20250704
#TRANS 1985 {} 900 20250704
}
#VER "18" "250155" 20250704 "Ombokning av inbetalning"
{
#TRANS 1510 {} -900 20250704
#TRANS 1985 {} 900 20250704
}
#VER "18" "250156" 20250704 "Ombokning av inbetalning"
{
#TRANS 1510 {} -928 20250704
#TRANS 1985 {} 928 20250704
}
#VER "18" "250157" 20250704 "Ombokning av inbetalning"
{
#TRANS 1510 {} -2148 20250704
#TRANS 1985 {} 2148 20250704
}
#VER "18" "250158" 20250704 "Ombokning av inbetalning"
{
#TRANS 1510 {} -900 20250704
#TRANS 1985 {} 900 20250704
}
#VER "18" "250159" 20250704 "Ombokning av inbetalning"
{
#TRANS 1510 {} -900 20250704
#TRANS 1985 {} 900 20250704
}
#VER "18" "250160" 20250704 "Ombokning av inbetalning"
{
#TRANS 1510 {} -900 20250704
#TRANS 1985 {} 900 20250704
}
#VER "18" "250161" 20250704 "Ombokning av inbetalning"
{
#TRANS 1510 {} -900 20250704
#TRANS 1985 {} 900 20250704
}
#VER "18" "250162" 20250704 "Ombokning av inbetalning"
{
#TRANS 1510 {} -928 20250704
#TRANS 1985 {} 928 20250704
}
#VER "18" "250163" 20250707 "Ombokning av inbetalning"
{
#TRANS 1510 {} -900 20250707
#TRANS 1985 {} 900 20250707
}
#VER "18" "250164" 20250707 "Ombokning av inbetalning"
{
#TRANS 1510 {} -900 20250707
#TRANS 1985 {} 900 20250707
}
#VER "18" "250165" 20250707 "Ombokning av inbetalning"
{
#TRANS 1510 {} -900 20250707
#TRANS 1985 {} 900 20250707
}
#VER "18" "250166" 20250707 "Ombokning av inbetalning"
{
#TRANS 1510 {} -900 20250707
#TRANS 1985 {} 900 20250707
}
#VER "18" "250167" 20250707 "Ombokning av inbetalning"
{
#TRANS 1510 {} -900 20250707
#TRANS 1985 {} 900 20250707
}
#VER "18" "250168" 20250707 "Ombokning av inbetalning"
{
#TRANS 1510 {} -900 20250707
#TRANS 1985 {} 900 20250707
}
#VER "18" "250169" 20250707 "Ombokning av inbetalning"
{
#TRANS 1510 {} -1200 20250707
#TRANS 1985 {} 1200 20250707
}
#VER "18" "250170" 20250707 "Ombokning av inbetalning"
{
#TRANS 1510 {} -322 20250707
#TRANS 1985 {} 322 20250707
}
#VER "18" "250171" 20250707 "Ombokning av inbetalning"
{
#TRANS 1510 {} -900 20250707
#TRANS 1985 {} 900 20250707
}
#VER "18" "250172" 20250707 "Ombokning av inbetalning"
{
#TRANS 1510 {} -900 20250707
#TRANS 1985 {} 900 20250707
}
#VER "18" "250173" 20250707 "Ombokning av inbetalning"
{
#TRANS 1510 {} -928 20250707
#TRANS 1985 {} 928 20250707
}
#VER "18" "250174" 20250707 "Ombokning av inbetalning"
{
#TRANS 1510 {} -933 20250707
#TRANS 1985 {} 933 20250707
}
#VER "18" "250175" 20250707 "Ombokning av inbetalning"
{
#TRANS 1510 {} -1500 20250707
#TRANS 1985 {} 1500 20250707
}
#VER "18" "250176" 20250707 "Ombokning av inbetalning"
{
#TRANS 1510 {} -2269 20250707
#TRANS 1985 {} 2269 20250707
}
#VER "18" "250177" 20250707 "Ombokning av inbetalning"
{
#TRANS 1510 {} -928 20250707
#TRANS 1985 {} 928 20250707
}
#VER "18" "250178" 20250707 "Ombokning av inbetalning"
{
#TRANS 1510 {} -959 20250707
#TRANS 1985 {} 959 20250707
}
#VER "18" "250179" 20250708 "Ombokning av inbetalning"
{
#TRANS 1510 {} -900 20250708
#TRANS 1985 {} 900 20250708
}
#VER "18" "250180" 20250707 "Inbet Joel Holmgren"
{
#TRANS 1510 {} -900 20250707
#TRANS 1985 {} 900 20250707
}
#VER "18" "250181" 20250723 "ombokning"
{
#TRANS 1510 {} -60 20250723
#TRANS 1530 {} 60 20250723
}
#VER "18" "250182" 20250704 "V„nder ver 18-250141"
{
#TRANS 1510 {} 900 20250704
#TRANS 1985 {} -900 20250704
}
#VER "18" "250183" 20250704 "V„ndning ver: 18-250148"
{
#TRANS 1510 {} 900 20250704
#TRANS 1985 {} -900 20250704
}
#VER "18" "250184" 20250704 "V„ndning av ver: 18-250149"
{
#TRANS 1510 {} 900 20250704
#TRANS 1985 {} -900 20250704
}
#VER "18" "250185" 20250704 "V„ndning av ver: 18-250150"
{
#TRANS 1510 {} 928 20250704
#TRANS 1985 {} -928 20250704
}
#VER "18" "250186" 20250704 "V„ndning ver: 18-250151"
{
#TRANS 1510 {} 928 20250704
#TRANS 1985 {} -928 20250704
}
#VER "18" "250187" 20250704 "V„ndning ver 18-250152"
{
#TRANS 1510 {} 928 20250704
#TRANS 1985 {} -928 20250704
}
#VER "18" "250188" 20250704 "V„ndning ver: 18-250153"
{
#TRANS 1510 {} 928 20250704
#TRANS 1985 {} -928 20250704
}
#VER "18" "250189" 20250704 "V„ndning ver 18-250155"
{
#TRANS 1510 {} 900 20250704
#TRANS 1985 {} -900 20250704
}
#VER "18" "250190" 20250704 "V„ndning ver: 18-250156"
{
#TRANS 1510 {} 928 20250704
#TRANS 1985 {} -928 20250704
}
#VER "18" "250191" 20250707 "V„ndning ver: 18-250176"
{
#TRANS 1510 {} 2269 20250707
#TRANS 1985 {} -2269 20250707
}
#VER "18" "250192" 20250707 "V„ndning ver: 18-250175"
{
#TRANS 1510 {} 1500 20250707
#TRANS 1985 {} -1500 20250707
}
#VER "18" "250193" 20250704 "V„ndning ver: 18-250157"
{
#TRANS 1510 {} 2148 20250704
#TRANS 1985 {} -2148 20250704
}
#VER "18" "250194" 20250704 "V„ndning ver: 18-250158"
{
#TRANS 1510 {} 900 20250704
#TRANS 1985 {} -900 20250704
}
#VER "18" "250195" 20250704 "V„ndning ver: 18-250159"
{
#TRANS 1510 {} 900 20250704
#TRANS 1985 {} -900 20250704
}
#VER "18" "250196" 20250704 "V„ndning ver: 18-250160"
{
#TRANS 1510 {} 900 20250704
#TRANS 1985 {} -900 20250704
}
#VER "18" "250197" 20250704 "V„ndning ver: 18-250161"
{
#TRANS 1510 {} 900 20250704
#TRANS 1985 {} -900 20250704
}
#VER "18" "250198" 20250707 "V„ndning ver: 18-250174"
{
#TRANS 1510 {} 933 20250707
#TRANS 1985 {} -933 20250707
}
#VER "18" "250199" 20250704 "V„ndning ver: 18-250162"
{
#TRANS 1510 {} 928 20250704
#TRANS 1985 {} -928 20250704
}
#VER "18" "250200" 20250707 "V„ndning ver: 18-250163"
{
#TRANS 1510 {} 900 20250707
#TRANS 1985 {} -900 20250707
}
#VER "18" "250201" 20250707 "V„ndning ver: 18-250164"
{
#TRANS 1510 {} 900 20250707
#TRANS 1985 {} -900 20250707
}
#VER "18" "250202" 20250704 "V„ndning ver: 18-250143"
{
#TRANS 1510 {} 900 20250704
#TRANS 1985 {} -900 20250704
}
#VER "18" "250203" 20250707 "V„ndning ver: 18-250165"
{
#TRANS 1510 {} 900 20250707
#TRANS 1985 {} -900 20250707
}
#VER "18" "250204" 20250707 "V„ndning ver: 18-250178"
{
#TRANS 1510 {} 959 20250707
#TRANS 1985 {} -959 20250707
}
#VER "18" "250205" 20250707 "V„ndning ver: 18-250166"
{
#TRANS 1510 {} 900 20250707
#TRANS 1985 {} -900 20250707
}
#VER "18" "250206" 20250707 "V„ndning ver: 18-250167"
{
#TRANS 1510 {} 900 20250707
#TRANS 1985 {} -900 20250707
}
#VER "18" "250207" 20250707 "V„ndning ver: 18-250168"
{
#TRANS 1510 {} 900 20250707
#TRANS 1985 {} -900 20250707
}
#VER "18" "250208" 20250707 "V„ndning ver: 18-250169"
{
#TRANS 1510 {} 1200 20250707
#TRANS 1985 {} -1200 20250707
}
#VER "18" "250209" 20250707 "V„ndning ver: 18-250171"
{
#TRANS 1510 {} 900 20250707
#TRANS 1985 {} -900 20250707
}
#VER "18" "250210" 20250707 "V„ndning ver:  18-250173"
{
#TRANS 1510 {} 928 20250707
#TRANS 1985 {} -928 20250707
}
#VER "18" "250211" 20250704 "V„ndning ver: 18-250154"
{
#TRANS 1510 {} 900 20250704
#TRANS 1985 {} -900 20250704
}
#VER "18" "250212" 20250707 "V„ndning ver:18-250172"
{
#TRANS 1510 {} 900 20250707
#TRANS 1985 {} -900 20250707
}
#VER "18" "250213" 20250708 "V„ndning ver: 18-250179"
{
#TRANS 1510 {} 900 20250708
#TRANS 1985 {} -900 20250708
}
#VER "18" "250214" 20250707 "V„ndning ver: 18-250177"
{
#TRANS 1510 {} 928 20250707
#TRANS 1985 {} -928 20250707
}
#VER "18" "250215" 20250707 "V„ndning ver: 18-250170"
{
#TRANS 1510 {} 322 20250707
#TRANS 1985 {} -322 20250707
}
#VER "18" "250216" 20250704 "V„ndning ver:18-250142"
{
#TRANS 1510 {} 900 20250704
#TRANS 1985 {} -900 20250704
}
#VER "18" "250217" 20250704 "Korr: 18-250140"
{
#TRANS 1510 {} 322 20250704
#TRANS 1985 {} -322 20250704
}
#VER "18" "250218" 20250704 "Korr: 18-250144"
{
#TRANS 1510 {} 900 20250704
#TRANS 1985 {} -900 20250704
}
#VER "18" "250219" 20250704 "Korr: 18-250145"
{
#TRANS 1510 {} 900 20250704
#TRANS 1985 {} -900 20250704
}
#VER "18" "250220" 20250704 "Korr: 18-250146"
{
#TRANS 1510 {} 900 20250704
#TRANS 1985 {} -900 20250704
}
#VER "18" "250221" 20250704 "Korr: 18-250147"
{
#TRANS 1510 {} 1200 20250704
#TRANS 1985 {} -1200 20250704
}
#VER "18" "250222" 20250623 "Ombokning inbetalning "
{
#TRANS 1510 {} -928 20250623
#TRANS 1985 {} 928 20250623
}
#VER "18" "250223" 20250624 "Ombokning inbetalning"
{
#TRANS 1510 {} -928 20250624
#TRANS 1985 {} 928 20250624
}
#VER "18" "250224" 20250625 "Ombokning inbetalning"
{
#TRANS 1510 {} -872 20250625
#TRANS 1985 {} 872 20250625
}
#VER "18" "250225" 20250731 "Kvittad kundfaktura"
{
#TRANS 1510 {} -28 20250731
#TRANS 1510 {} 28 20250731
}
#VER "18" "250226" 20250625 "Ombokning krediterad avgift f”r avisering"
{
#TRANS 1510 {} 28 20250625
#TRANS 1510 {} -28 20250625
}
#VER "18" "250227" 20250625 "Ombokning inbetalning"
{
#TRANS 1510 {} -900 20250625
#TRANS 1985 {} 900 20250625
}
#VER "18" "250228" 20250625 "Ombokning inbetalning"
{
#TRANS 1510 {} -928 20250625
#TRANS 1985 {} 928 20250625
}
#VER "18" "250229" 20250625 "Ombokning inbetalning "
{
#TRANS 1510 {} -928 20250625
#TRANS 1985 {} 928 20250625
}
#VER "18" "250230" 20250723 "V„ndning ver 18-250181"
{
#TRANS 1510 {} 60 20250723
#TRANS 1530 {} -60 20250723
}
#VER "18" "250231" 20250625 "Ombokning inbetalning"
{
#TRANS 1510 {} -993 20250625
#TRANS 1985 {} 993 20250625
}
#VER "18" "250232" 20250625 "Ombokning inbetalning"
{
#TRANS 1510 {} -1500 20250625
#TRANS 1985 {} 1500 20250625
}
#VER "18" "250233" 20250626 "Ombokning inbetalning"
{
#TRANS 1510 {} -900 20250626
#TRANS 1985 {} 900 20250626
}
#VER "18" "250234" 20250626 "Ombokning inbetalning"
{
#TRANS 1510 {} -928 20250626
#TRANS 1985 {} 928 20250626
}
#VER "18" "250235" 20250626 "Ombokning inbetalning"
{
#TRANS 1510 {} -959 20250626
#TRANS 1985 {} 959 20250626
}
#VER "18" "250236" 20250627 "Ombokning inbetalning"
{
#TRANS 1510 {} -900 20250627
#TRANS 1985 {} 900 20250627
}
#VER "18" "250237" 20250627 "Ombokning inbetalning"
{
#TRANS 1510 {} -900 20250627
#TRANS 1985 {} 900 20250627
}
#VER "18" "250238" 20250627 "Ombokning inbetalning"
{
#TRANS 1510 {} -900 20250627
#TRANS 1985 {} 900 20250627
}
#VER "18" "250239" 20250627 "Ombokning inbetalning"
{
#TRANS 1510 {} -900 20250627
#TRANS 1985 {} 900 20250627
}
#VER "18" "250240" 20250627 "Ombokning inbetalning "
{
#TRANS 1510 {} -900 20250627
#TRANS 1985 {} 900 20250627
}
#VER "18" "250241" 20250627 "Ombokning inbetalning"
{
#TRANS 1510 {} -900 20250627
#TRANS 1985 {} 900 20250627
}
#VER "18" "250242" 20250627 "Ombokning inbetalning"
{
#TRANS 1510 {} -928 20250627
#TRANS 1985 {} 928 20250627
}
#VER "18" "250243" 20250627 "Ombokning inbetalning tillgodo"
{
#TRANS 1510 {} -925 20250627
#TRANS 1510 {} 925 20250627
}
#VER "18" "250244" 20250627 "Ombokning inbetalning"
{
#TRANS 1510 {} -1200 20250627
#TRANS 1985 {} 1200 20250627
}
#VER "18" "250245" 20250627 "Ombokning inbetalning"
{
#TRANS 1510 {} -2148 20250627
#TRANS 1985 {} 2148 20250627
}
#VER "18" "250246" 20250630 "Ombokning inbetalning"
{
#TRANS 1510 {} -322 20250630
#TRANS 1985 {} 322 20250630
}
#VER "18" "250247" 20250630 "Ombokning inbetalning"
{
#TRANS 1510 {} -900 20250630
#TRANS 1985 {} 900 20250630
}
#VER "18" "250248" 20250630 "Ombokning inbetalning"
{
#TRANS 1510 {} -322 20250630
#TRANS 1985 {} 322 20250630
}
#VER "18" "250249" 20250630 "Ombokning inbetalning"
{
#TRANS 1510 {} -900 20250630
#TRANS 1985 {} 900 20250630
}
#VER "18" "250250" 20250630 "Ombokning inbetalning"
{
#TRANS 1510 {} -900 20250630
#TRANS 1985 {} 900 20250630
}
#VER "18" "250251" 20250630 "Ombokning inbetalning"
{
#TRANS 1510 {} -900 20250630
#TRANS 1985 {} 900 20250630
}
#VER "18" "250252" 20250630 "Ombokning inbetalning"
{
#TRANS 1510 {} -900 20250630
#TRANS 1985 {} 900 20250630
}
#VER "18" "250253" 20250630 "Ombokning inbetalning"
{
#TRANS 1510 {} -900 20250630
#TRANS 1985 {} 900 20250630
}
#VER "18" "250254" 20250630 "Ombokning inbetalning"
{
#TRANS 1510 {} -900 20250630
#TRANS 1985 {} 900 20250630
}
#VER "18" "250255" 20250630 "Ombokning inbetalning"
{
#TRANS 1510 {} -900 20250630
#TRANS 1985 {} 900 20250630
}
#VER "18" "250256" 20250630 "Ombokning inbetalning"
{
#TRANS 1510 {} -928 20250630
#TRANS 1985 {} 928 20250630
}
#VER "18" "250257" 20250630 "ombokning inbetalning"
{
#TRANS 1510 {} -1200 20250630
#TRANS 1985 {} 1200 20250630
}
#VER "18" "250258" 20250714 "Ombokning inbetalning"
{
#TRANS 1510 {} -900 20250714
#TRANS 1985 {} 900 20250714
}
#VER "18" "250259" 20250703 "Ombokning inbetalning"
{
#TRANS 1510 {} -2093 20250703
#TRANS 1985 {} 2093 20250703
}
#VER "18" "250260" 20250701 "Ombokning inbetalning"
{
#TRANS 1510 {} -900 20250701
#TRANS 1985 {} 900 20250701
}
#VER "18" "250261" 20250707 "Ombokning inbetalning"
{
#TRANS 1510 {} -900 20250707
#TRANS 1510 {} -900 20250707
#TRANS 1985 {} 1800 20250707
}
#VER "18" "250262" 20250715 "Ombokning inbetalning"
{
#TRANS 1510 {} -928 20250715
#TRANS 1985 {} 928 20250715
}
#VER "18" "250263" 20250725 "Ombokning inbetalning"
{
#TRANS 1510 {} -900 20250725
#TRANS 1985 {} 900 20250725
}
#VER "18" "250264" 20250725 "ombokning inbetalning"
{
#TRANS 1510 {} -900 20250725
#TRANS 1985 {} 900 20250725
}
#VER "18" "250265" 20250725 "Ombokning inbetalning"
{
#TRANS 1510 {} -900 20250725
#TRANS 1985 {} 900 20250725
}
#VER "18" "250266" 20250725 "Ombokning inbetalning"
{
#TRANS 1510 {} -928 20250725
#TRANS 1985 {} 928 20250725
}
#VER "18" "250267" 20250725 "Ombokning inbetalning"
{
#TRANS 1510 {} -928 20250725
#TRANS 1985 {} 928 20250725
}
#VER "18" "250268" 20250725 "Ombokning inbetalning"
{
#TRANS 1510 {} -928 20250725
#TRANS 1985 {} 928 20250725
}
#VER "18" "250269" 20250725 "Ombokning inbetalning"
{
#TRANS 1510 {} -1228 20250725
#TRANS 1985 {} 1228 20250725
}
#VER "18" "250270" 20250725 "Ombokning inbetalning"
{
#TRANS 1510 {} -2100 20250725
#TRANS 1985 {} 2100 20250725
}
#VER "18" "250271" 20250728 "Ombokning inbetalning"
{
#TRANS 1510 {} -900 20250728
#TRANS 1985 {} 900 20250728
}
#VER "18" "250272" 20250728 "Ombokning inbetalning"
{
#TRANS 1510 {} -900 20250728
#TRANS 1985 {} 900 20250728
}
#VER "18" "250273" 20250728 "Ombokning inbetalning"
{
#TRANS 1510 {} -900 20250728
#TRANS 1985 {} 900 20250728
}
#VER "18" "250274" 20250728 "Ombokning inbetalning"
{
#TRANS 1510 {} -900 20250728
#TRANS 1985 {} 900 20250728
}
#VER "18" "250275" 20250728 "Ombokning inbetalning"
{
#TRANS 1510 {} -900 20250728
#TRANS 1985 {} 900 20250728
}
#VER "18" "250276" 20250728 "Ombokning inbetalning"
{
#TRANS 1510 {} -900 20250728
#TRANS 1985 {} 900 20250728
}
#VER "18" "250277" 20250728 "Ombokning inbetalning"
{
#TRANS 1510 {} -900 20250728
#TRANS 1985 {} 900 20250728
}
#VER "18" "250278" 20250728 "Ombokning inbetalning"
{
#TRANS 1510 {} -900 20250728
#TRANS 1985 {} 900 20250728
}
#VER "18" "250279" 20250728 "Ombokning inbetalning"
{
#TRANS 1510 {} -928 20250728
#TRANS 1985 {} 928 20250728
}
#VER "18" "250280" 20250728 "Ombokning inbetalning"
{
#TRANS 1510 {} -928 20250728
#TRANS 1510 {} -928 20250728
#TRANS 1985 {} 1856 20250728
}
#VER "18" "250281" 20250728 "Ombokning inbetalning"
{
#TRANS 1510 {} -1080 20250728
#TRANS 1985 {} 1080 20250728
}
#VER "18" "250282" 20250728 "Ombokning inbetalning"
{
#TRANS 1510 {} -1200 20250728
#TRANS 1985 {} 1200 20250728
}
#VER "18" "250283" 20250729 "Ombokning inbetalning"
{
#TRANS 1510 {} -928 20250729
#TRANS 1985 {} 928 20250729
}
#VER "18" "250284" 20250730 "Ombokning inbetaning"
{
#TRANS 1510 {} -28 20250730
#TRANS 1985 {} 28 20250730
}
#VER "18" "250285" 20250730 "Ombokning inbetanig"
{
#TRANS 1510 {} -322 20250730
#TRANS 1985 {} 322 20250730
}
#VER "18" "250286" 20250730 "Ombokning inbetalning"
{
#TRANS 1510 {} -900 20250730
#TRANS 1985 {} 900 20250730
}
#VER "18" "250287" 20250730 "Ombokning inbetalning"
{
#TRANS 1510 {} -322 20250730
#TRANS 1985 {} 322 20250730
}
#VER "18" "250288" 20250730 "Ombokning inbetalning"
{
#TRANS 1510 {} -900 20250730
#TRANS 1985 {} 900 20250730
}
#VER "18" "250289" 20250730 "Ombokning inbetalning"
{
#TRANS 1510 {} -900 20250730
#TRANS 1985 {} 900 20250730
}
#VER "18" "250290" 20250730 "Omboning inbetalning"
{
#TRANS 1510 {} -900 20250730
#TRANS 1985 {} 900 20250730
}
#VER "18" "250291" 20250730 "Omboning inbetalning"
{
#TRANS 1510 {} -900 20250730
#TRANS 1985 {} 900 20250730
}
#VER "18" "250292" 20250730 "Ombokning inbetalning"
{
#TRANS 1510 {} -1200 20250730
#TRANS 1985 {} 1200 20250730
}
#VER "18" "250293" 20250731 "Ombokning inbetalning"
{
#TRANS 1510 {} -900 20250731
#TRANS 1985 {} 900 20250731
}
#VER "18" "250294" 20250731 "Ombokning inbetalning"
{
#TRANS 1510 {} -900 20250731
#TRANS 1985 {} 900 20250731
}
#VER "18" "250295" 20250903 "Korr ombokning av tillgodo"
{
#TRANS 1510 {} 53 20250903
#TRANS 1510 {} -53 20250903
}
#VER "18" "250296" 20250908 "Ombokning av tillgodo"
{
#TRANS 1510 {} 53 20250908
#TRANS 1530 {} -53 20250908
}
#VER "18" "250297" 20251016 "Restbelopp l„ggs p† n„sta avi"
{
#TRANS 1510 {} -257 20251016
#TRANS 1520 {} 257 20251016
}
#VER "18" "250298" 20251016 "Sm†belopp/aviseringskostnad bokas bort enligt „rende 4148960"
{
#TRANS 1510 {} -28 20251016
#TRANS 1510 {} -28 20251016
#TRANS 1510 {} -28 20251016
#TRANS 1510 {} -28 20251016
#TRANS 6990 {} 112 20251016
}
#VER "18" "250299" 20250625 "Mirza Majd"
{
#TRANS 1510 {} -2269 20250625
#TRANS 1985 {} 2269 20250625
}
#VER "18" "250300" 20250401 "REAL"
{
#TRANS 1518 {} -9540 20250401
#TRANS 1985 {} 9540 20250401
}
#VER "18" "250301" 20250730 "Boris "
{
#TRANS 1510 {} -900 20250730
#TRANS 2480 {} 900 20250730
}
#VER "18" "250302" 20250730 "Korr: 18-250301"
{
#TRANS 1510 {} 900 20250730
#TRANS 2480 {} -900 20250730
}
#VER "18" "250303" 20250730 "Boris"
{
#TRANS 1510 {} -900 20250730
#TRANS 1510 {} -900 20250730
#TRANS 2420 {} 900 20250730
#TRANS 2480 {} 900 20250730
}
#VER "18" "250304" 20250701 "Just REAL"
{
#TRANS 1510 {} -118 20250701
#TRANS 1510 {} -928 20250701
#TRANS 1985 {} 1046 20250701
}
#VER "18" "250305" 20250630 "Marton Ohlstr”m"
{
#TRANS 1510 {} -1200 20250630
#TRANS 2480 {} 1200 20250630
}
#VER "18" "250306" 20250627 "Inbet mot avi"
{
#TRANS 1510 {} -928 20250627
#TRANS 1985 {} 900 20250627
#TRANS 6990 {} 28 20250627
}
#VER "18" "250307" 20251103 "Korr skuld l„ggs p† n„sta avi"
{
#TRANS 1510 {} -28 20251103
#TRANS 1520 {} 28 20251103
}
#VER "18" "250308" 20251205 "Kvittad kundfaktura"
{
#TRANS 1510 {} -928 20251205
#TRANS 1510 {} 928 20251205
}
#VER "18" "250309" 20251205 "Kvittad kundfaktura"
{
#TRANS 1510 {} -928 20251205
#TRANS 1510 {} 928 20251205
}
#VER "18" "250310" 20250217 "Dubbel faktura"
{
#TRANS 1680 {} 88468 20250217
#TRANS 5012 {} -88468 20250217
}
#VER "19" "250001" 20250101 "Verifikation nr 1652 fr†n REAL (SIE)"
{
#TRANS 2610 {} 1680 20250101
#TRANS 2618 {} -1680 20250101
}
#VER "19" "250002" 20250101 "Verifikation nr 1653 fr†n REAL (SIE)"
{
#TRANS 2610 {} 780 20250101
#TRANS 2618 {} -780 20250101
}
#VER "19" "250003" 20250101 "Verifikation nr 1654 fr†n REAL (SIE)"
{
#TRANS 2610 {} 360 20250101
#TRANS 2618 {} -360 20250101
}
#VER "19" "250004" 20250101 "Verifikation nr 711 fr†n REAL (SIE)"
{
#TRANS 2610 {} -7980 20250101
#TRANS 2618 {} 7980 20250101
#TRANS 2971 {} 31920 20250101
#TRANS 3055 {} -31920 20250101
}
#VER "19" "250005" 20250101 "Verifikation nr 717 fr†n REAL (SIE)"
{
#TRANS 2610 {} -1500 20250101
#TRANS 2618 {} 1500 20250101
#TRANS 2971 {} 6000 20250101
#TRANS 3055 {} -6000 20250101
}
#VER "19" "250006" 20250101 "Verifikation nr 716 fr†n REAL (SIE)"
{
#TRANS 2610 {} 1500 20250101
#TRANS 2618 {} -1500 20250101
#TRANS 2971 {} -6000 20250101
#TRANS 3055 {} 6000 20250101
}
#VER "19" "250007" 20250102 "Verifikation nr 1655 fr†n REAL (SIE)"
{
#TRANS 1518 {} -5400 20250102
#TRANS 1930 {} 5400 20250102
}
#VER "19" "250008" 20250103 "Verifikation nr 1656 fr†n REAL (SIE)"
{
#TRANS 1518 {} -900 20250103
#TRANS 1930 {} 900 20250103
}
#VER "19" "250009" 20250108 "Verifikation nr 1657 fr†n REAL (SIE)"
{
#TRANS 1518 {} -900 20250108
#TRANS 1930 {} 900 20250108
}
#VER "19" "250010" 20250109 "Verifikation nr 1658 fr†n REAL (SIE)"
{
#TRANS 1518 {} -1800 20250109
#TRANS 1930 {} 1800 20250109
}
#VER "19" "250011" 20250113 "Verifikation nr 1659 fr†n REAL (SIE)"
{
#TRANS 1518 {} -1800 20250113
#TRANS 1930 {} 1800 20250113
}
#VER "19" "250012" 20250113 "F”rskottsbetalt leverant”rsfakturan f”r 1a Q 2025 (SIE)"
{
#TRANS 1680 {} 110585 20250113 "Hyra 1a kvartalet 2025/Lev. fakturanr 125"
#TRANS 1930 {} -110585 20250113
}
#VER "19" "250013" 20250123 "Verifikation nr 1660 fr†n REAL (SIE)"
{
#TRANS 1518 {} -1800 20250123
#TRANS 1930 {} 1800 20250123
#TRANS 2610 {} -180 20250123
#TRANS 2618 {} 180 20250123
}
#VER "19" "250014" 20250124 "Verifikation nr 1671 fr†n REAL (SIE)"
{
#TRANS 1518 {} -900 20250124
#TRANS 1930 {} 900 20250124
#TRANS 2610 {} -180 20250124
#TRANS 2618 {} 180 20250124
}
#VER "19" "250015" 20250127 "Verifikation nr 1661 fr†n REAL (SIE)"
{
#TRANS 1518 {} -12600 20250127
#TRANS 1930 {} 12600 20250127
#TRANS 2610 {} -2520 20250127
#TRANS 2618 {} 2520 20250127
}
#VER "19" "250016" 20250128 "Verifikation nr 1662 fr†n REAL (SIE)"
{
#TRANS 1518 {} -3000 20250128
#TRANS 1930 {} 3000 20250128
#TRANS 2610 {} -600 20250128
#TRANS 2618 {} 600 20250128
}
#VER "19" "250017" 20250129 "Verifikation nr 1663 fr†n REAL (SIE)"
{
#TRANS 1518 {} -2100 20250129
#TRANS 1930 {} 2100 20250129
#TRANS 2610 {} -420 20250129
#TRANS 2618 {} 420 20250129
}
#VER "19" "250018" 20250131 "Bankkostnad januari (SIE)"
{
#TRANS 1930 {} -256.05 20250131
#TRANS 6570 {} 256.05 20250131
}
#VER "19" "250019" 20250131 "Verifikation nr 1664 fr†n REAL (SIE)"
{
#TRANS 1518 {} -5400 20250131
#TRANS 1930 {} 5400 20250131
#TRANS 2610 {} -1080 20250131
#TRANS 2618 {} 1080 20250131
}
#VER "19" "250020" 20250131 "Periodisering av leverant”rsfaktura 123 (SIE)"
{
#TRANS 1790 {} -1301.25 20250131
#TRANS 6480 {} 1301.25 20250131
}
#VER "19" "250021" 20250201 "Verifikation nr 1672 fr†n REAL (SIE)"
{
#TRANS 2610 {} 180 20250201
#TRANS 2618 {} -180 20250201
}
#VER "19" "250022" 20250201 "Verifikation nr 1670 fr†n REAL (SIE)"
{
#TRANS 2610 {} 2520 20250201
#TRANS 2618 {} -2520 20250201
}
#VER "19" "250023" 20250201 "Verifikation nr 1669 fr†n REAL (SIE)"
{
#TRANS 2610 {} 600 20250201
#TRANS 2618 {} -600 20250201
}
#VER "19" "250024" 20250201 "Verifikation nr 719 fr†n REAL (SIE)"
{
#TRANS 2610 {} -1320 20250201
#TRANS 2618 {} 1320 20250201
#TRANS 2971 {} 5280 20250201
#TRANS 3055 {} -5280 20250201
}
#VER "19" "250025" 20250201 "Verifikation nr 718 fr†n REAL (SIE)"
{
#TRANS 2610 {} 1320 20250201
#TRANS 2618 {} -1320 20250201
#TRANS 2971 {} -5280 20250201
#TRANS 3055 {} 5280 20250201
}
#VER "19" "250026" 20250201 "Verifikation nr 1668 fr†n REAL (SIE)"
{
#TRANS 2610 {} 420 20250201
#TRANS 2618 {} -420 20250201
}
#VER "19" "250027" 20250201 "Verifikation nr 1667 fr†n REAL (SIE)"
{
#TRANS 2610 {} 1080 20250201
#TRANS 2618 {} -1080 20250201
}
#VER "19" "250028" 20250201 "Verifikation nr 1666 fr†n REAL (SIE)"
{
#TRANS 2610 {} 180 20250201
#TRANS 2618 {} -180 20250201
}
#VER "19" "250029" 20250201 "Verifikation nr 712 fr†n REAL (SIE)"
{
#TRANS 2610 {} -7980 20250201
#TRANS 2618 {} 7980 20250201
#TRANS 2971 {} 31920 20250201
#TRANS 3055 {} -31920 20250201
}
#VER "19" "250030" 20250201 "Verifikation nr 1665 fr†n REAL (SIE)"
{
#TRANS 2610 {} 180 20250201
#TRANS 2618 {} -180 20250201
}
#VER "19" "250031" 20250203 "Verifikation nr 1673 fr†n REAL (SIE)"
{
#TRANS 1518 {} -900 20250203
#TRANS 1930 {} 900 20250203
}
#VER "19" "250032" 20250204 "Bankkostnader (SIE)"
{
#TRANS 1930 {} -416 20250204
#TRANS 6570 {} 416 20250204
}
#VER "19" "250033" 20250204 "Inbetalning fr†n Brf L„ngtans All (SIE)"
{
#TRANS 1689 {} -7200 20250204
#TRANS 1930 {} 7200 20250204
}
#VER "19" "250034" 20250217 "Levfakt Bostadsr„ttsf”reningen L„ngtans All (125) (SIE)"
{
#TRANS 1790 {} 58978.68 20250217
#TRANS 2448 {} -110585 20250217
#TRANS 2640 {} 22117 20250217
#TRANS 4800 {} 2641.32 20250217 "Januari-2025"
#TRANS 5012 {} 26848 20250217 "Januari-2025"
}
#VER "19" "250035" 20250217 "Levbet Bostadsr„ttsf”reningen L„ngtans All (125) (SIE)"
{
#TRANS 1680 {} -110585 20250217
#TRANS 2448 {} 110585 20250217
}
#VER "19" "250036" 20250225 "Verifikation nr 1675 fr†n REAL (SIE)"
{
#TRANS 1518 {} -4500 20250225
#TRANS 1930 {} 4500 20250225
#TRANS 2610 {} -900 20250225
#TRANS 2618 {} 900 20250225
}
#VER "19" "250037" 20250226 "Verifikation nr 1676 fr†n REAL (SIE)"
{
#TRANS 1518 {} -6300 20250226
#TRANS 1930 {} 6300 20250226
#TRANS 2610 {} -1260 20250226
#TRANS 2618 {} 1260 20250226
}
#VER "19" "250038" 20250226 "Levbet Brf-Ekonomen i Stockholm AB (124) (SIE)"
{
#TRANS 1930 {} -891 20250226
#TRANS 2448 {} 891 20250226
}
#VER "19" "250039" 20250226 "Levbet Brf-Ekonomen i Stockholm AB (123) (SIE)"
{
#TRANS 1930 {} -19519 20250226
#TRANS 2448 {} 19519 20250226
}
#VER "19" "250040" 20250227 "Verifikation nr 1677 fr†n REAL (SIE)"
{
#TRANS 1518 {} -4800 20250227
#TRANS 1930 {} 4800 20250227
#TRANS 2610 {} -960 20250227
#TRANS 2618 {} 960 20250227
}
#VER "19" "250041" 20250227 "Verifikation nr 713 fr†n REAL (SIE)"
{
#TRANS 1518 {} 160 20250227
#TRANS 3500 {} -160 20250227
}
#VER "19" "250042" 20250227 "Verifikation nr 714 fr†n REAL (SIE)"
{
#TRANS 1518 {} 1740 20250227
#TRANS 3500 {} -1740 20250227
}
#VER "19" "250043" 20250228 "Verifikation nr 1678 fr†n REAL (SIE)"
{
#TRANS 1518 {} -1120 20250228
#TRANS 1518 {} -23640 20250228
#TRANS 1930 {} 7920 20250228
#TRANS 1930 {} 1120 20250228
#TRANS 1930 {} 16620 20250228
#TRANS 2420 {} -7920 20250228
#TRANS 2420 {} 7020 20250228
#TRANS 2610 {} -1920 20250228
#TRANS 2618 {} 1920 20250228
}
#VER "19" "250044" 20250228 "Periodisering av leverant”rsfaktura 123 (SIE)"
{
#TRANS 1790 {} -1301.25 20250228
#TRANS 6480 {} 1301.25 20250228
}
#VER "19" "250045" 20250228 "Periodisering av leverant”rsfaktura 125 (SIE)"
{
#TRANS 1790 {} -29489.34 20250228
#TRANS 4800 {} 2641.34 20250228
#TRANS 5012 {} 26848 20250228
}
#VER "19" "250046" 20250301 "Verifikation nr 1674 fr†n REAL (SIE)"
{
#TRANS 2610 {} 180 20250301
#TRANS 2618 {} -180 20250301
}
#VER "19" "250047" 20250301 "Verifikation nr 715 fr†n REAL (SIE)"
{
#TRANS 2610 {} -7980 20250301
#TRANS 2618 {} 7980 20250301
#TRANS 2971 {} 31920 20250301
#TRANS 3055 {} -31920 20250301
}
#VER "19" "250048" 20250301 "Verifikation nr 1679 fr†n REAL (SIE)"
{
#TRANS 2610 {} 1920 20250301
#TRANS 2618 {} -1920 20250301
}
#VER "19" "250049" 20250301 "Verifikation nr 1680 fr†n REAL (SIE)"
{
#TRANS 2610 {} 960 20250301
#TRANS 2618 {} -960 20250301
}
#VER "19" "250050" 20250301 "Verifikation nr 1681 fr†n REAL (SIE)"
{
#TRANS 2610 {} 1260 20250301
#TRANS 2618 {} -1260 20250301
}
#VER "19" "250051" 20250301 "Verifikation nr 1682 fr†n REAL (SIE)"
{
#TRANS 2610 {} 900 20250301
#TRANS 2618 {} -900 20250301
}
#VER "19" "250052" 20250301 "Verifikation nr 720 fr†n REAL (SIE)"
{
#TRANS 2610 {} 1320 20250301
#TRANS 2618 {} -1320 20250301
#TRANS 2971 {} -5280 20250301
#TRANS 3055 {} 5280 20250301
}
#VER "19" "250053" 20250301 "Verifikation nr 721 fr†n REAL (SIE)"
{
#TRANS 2610 {} -1320 20250301
#TRANS 2618 {} 1320 20250301
#TRANS 2971 {} 5280 20250301
#TRANS 3055 {} -5280 20250301
}
#VER "19" "250054" 20250303 "Verifikation nr 1683 fr†n REAL (SIE)"
{
#TRANS 1518 {} -1800 20250303
#TRANS 1930 {} 1800 20250303
}
#VER "19" "250055" 20250304 "Verifikation nr 723 fr†n REAL (SIE)"
{
#TRANS 1518 {} 20700 20250304
#TRANS 2618 {} -4140 20250304
#TRANS 2971 {} -16560 20250304
}
#VER "19" "250056" 20250304 "Verifikation nr 722 fr†n REAL (SIE)"
{
#TRANS 1518 {} -21600 20250304
#TRANS 2618 {} 4140 20250304
#TRANS 2971 {} 16560 20250304
#TRANS 3500 {} 900 20250304
}
#VER "19" "250057" 20250307 "Verifikation nr 1684 fr†n REAL (SIE)"
{
#TRANS 1518 {} -16200 20250307
#TRANS 1930 {} 16200 20250307
}
#VER "19" "250058" 20250310 "Banktj„nster (SIE)"
{
#TRANS 1930 {} -250.85 20250310
#TRANS 6570 {} 250.85 20250310
}
#VER "19" "250059" 20250310 "Verifikation nr 1685 fr†n REAL (SIE)"
{
#TRANS 1518 {} -900 20250310
#TRANS 1930 {} 900 20250310
}
#VER "19" "250060" 20250312 "R„nta skattekontot jan-mars (SIE)"
{
#TRANS 1630 {} 6 20250312
#TRANS 8314 {} -6 20250312
}
#VER "19" "250061" 20250312 "Slutlig skatt Tax24 (SIE)"
{
#TRANS 1630 {} -3328 20250312
#TRANS 2511 {} 3328 20250312
}
#VER "19" "250062" 20250326 "Verifikation nr 725 fr†n REAL (SIE)"
{
#TRANS 1518 {} 240 20250326
#TRANS 3500 {} -240 20250326
}
#VER "19" "250063" 20250326 "Verifikation nr 724 fr†n REAL (SIE)"
{
#TRANS 1518 {} 300 20250326
#TRANS 3500 {} -300 20250326
}
#VER "19" "250064" 20250331 "Periodisering av leverant”rsfaktura 123 (SIE)"
{
#TRANS 1790 {} -1301.25 20250331
#TRANS 6480 {} 1301.25 20250331
}
#VER "19" "250065" 20250331 "Periodisering av leverant”rsfaktura 125 (SIE)"
{
#TRANS 1790 {} -29489.34 20250331
#TRANS 4800 {} 2641.34 20250331
#TRANS 5012 {} 26848 20250331
}
#VER "19" "250066" 20250102 "Korr: 19-250007"
{
#TRANS 1518 {} 5400 20250102
#TRANS 1930 {} -5400 20250102
}
#VER "19" "250067" 20250102 "Verifikation nr 1655 fr†n REAL (SIE)"
{
#TRANS 1518 {} -5400 20250102
#TRANS 1985 {} 5400 20250102
}
#VER "19" "250068" 20250103 "Korr: 19-250008"
{
#TRANS 1518 {} 900 20250103
#TRANS 1930 {} -900 20250103
}
#VER "19" "250069" 20250103 "Verifikation nr 1656 fr†n REAL (SIE)"
{
#TRANS 1518 {} -900 20250103
#TRANS 1985 {} 900 20250103
}
#VER "19" "250070" 20250108 "Korr: 19-250009"
{
#TRANS 1518 {} 900 20250108
#TRANS 1930 {} -900 20250108
}
#VER "19" "250071" 20250108 "Verifikation nr 1657 fr†n REAL (SIE)"
{
#TRANS 1518 {} -900 20250108
#TRANS 1985 {} 900 20250108
}
#VER "19" "250072" 20250109 "Korr: 19-250010"
{
#TRANS 1518 {} 1800 20250109
#TRANS 1930 {} -1800 20250109
}
#VER "19" "250073" 20250109 "Verifikation nr 1658 fr†n REAL (SIE)"
{
#TRANS 1518 {} -1800 20250109
#TRANS 1985 {} 1800 20250109
}
#VER "19" "250074" 20250113 "Korr: 19-250011"
{
#TRANS 1518 {} 1800 20250113
#TRANS 1930 {} -1800 20250113
}
#VER "19" "250075" 20250113 "Verifikation nr 1659 fr†n REAL (SIE)"
{
#TRANS 1518 {} -1800 20250113
#TRANS 1985 {} 1800 20250113
}
#VER "19" "250076" 20250113 "Korr: 19-250012"
{
#TRANS 1680 {} -110585 20250113
#TRANS 1930 {} 110585 20250113
}
#VER "19" "250077" 20250113 "F”rskottsbetalt leverant”rsfakturan f”r 1a Q 2025 (SIE)"
{
#TRANS 1680 {} 110585 20250113
#TRANS 1985 {} -110585 20250113
}
#VER "19" "250078" 20250123 "Korr: 19-250013"
{
#TRANS 1518 {} 1800 20250123
#TRANS 1930 {} -1800 20250123
#TRANS 2610 {} 180 20250123
#TRANS 2618 {} -180 20250123
}
#VER "19" "250079" 20250123 "Verifikation nr 1660 fr†n REAL (SIE)"
{
#TRANS 1518 {} -1800 20250123
#TRANS 1985 {} 1800 20250123
#TRANS 2610 {} -180 20250123
#TRANS 2618 {} 180 20250123
}
#VER "19" "250080" 20250124 "Korr: 19-250014"
{
#TRANS 1518 {} 900 20250124
#TRANS 1930 {} -900 20250124
#TRANS 2610 {} 180 20250124
#TRANS 2618 {} -180 20250124
}
#VER "19" "250081" 20250124 "Verifikation nr 1671 fr†n REAL (SIE)"
{
#TRANS 1518 {} -900 20250124
#TRANS 1985 {} 900 20250124
#TRANS 2610 {} -180 20250124
#TRANS 2618 {} 180 20250124
}
#VER "19" "250082" 20250127 "Korr: 19-250015"
{
#TRANS 1518 {} 12600 20250127
#TRANS 1930 {} -12600 20250127
#TRANS 2610 {} 2520 20250127
#TRANS 2618 {} -2520 20250127
}
#VER "19" "250083" 20250127 "Verifikation nr 1661 fr†n REAL (SIE)"
{
#TRANS 1518 {} -12600 20250127
#TRANS 1985 {} 12600 20250127
#TRANS 2610 {} -2520 20250127
#TRANS 2618 {} 2520 20250127
}
#VER "19" "250084" 20250128 "Korr: 19-250016"
{
#TRANS 1518 {} 3000 20250128
#TRANS 1930 {} -3000 20250128
#TRANS 2610 {} 600 20250128
#TRANS 2618 {} -600 20250128
}
#VER "19" "250085" 20250128 "Verifikation nr 1662 fr†n REAL (SIE)"
{
#TRANS 1518 {} -3000 20250128
#TRANS 1985 {} 3000 20250128
#TRANS 2610 {} -600 20250128
#TRANS 2618 {} 600 20250128
}
#VER "19" "250086" 20250129 "Korr: 19-250017"
{
#TRANS 1518 {} 2100 20250129
#TRANS 1930 {} -2100 20250129
#TRANS 2610 {} 420 20250129
#TRANS 2618 {} -420 20250129
}
#VER "19" "250087" 20250129 "Verifikation nr 1663 fr†n REAL (SIE)"
{
#TRANS 1518 {} -2100 20250129
#TRANS 1985 {} 2100 20250129
#TRANS 2610 {} -420 20250129
#TRANS 2618 {} 420 20250129
}
#VER "19" "250088" 20250131 "Korr: 19-250018"
{
#TRANS 1930 {} 256.05 20250131
#TRANS 6570 {} -256.05 20250131
}
#VER "19" "250089" 20250131 "Bankkostnad januari (SIE)"
{
#TRANS 1985 {} -256.05 20250131
#TRANS 6570 {} 256.05 20250131
}
#VER "19" "250090" 20250131 "Korr: 19-250019"
{
#TRANS 1518 {} 5400 20250131
#TRANS 1930 {} -5400 20250131
#TRANS 2610 {} 1080 20250131
#TRANS 2618 {} -1080 20250131
}
#VER "19" "250091" 20250131 "Verifikation nr 1664 fr†n REAL (SIE)"
{
#TRANS 1518 {} -5400 20250131
#TRANS 1985 {} 5400 20250131
#TRANS 2610 {} -1080 20250131
#TRANS 2618 {} 1080 20250131
}
#VER "19" "250092" 20250203 "Korr: 19-250031"
{
#TRANS 1518 {} 900 20250203
#TRANS 1930 {} -900 20250203
}
#VER "19" "250093" 20250203 "Verifikation nr 1673 fr†n REAL (SIE)"
{
#TRANS 1518 {} -900 20250203
#TRANS 1985 {} 900 20250203
}
#VER "19" "250094" 20250204 "Korr: 19-250032"
{
#TRANS 1930 {} 416 20250204
#TRANS 6570 {} -416 20250204
}
#VER "19" "250095" 20250204 "Bankkostnader (SIE)"
{
#TRANS 1985 {} -416 20250204
#TRANS 6570 {} 416 20250204
}
#VER "19" "250096" 20250204 "Korr: 19-250033"
{
#TRANS 1689 {} 7200 20250204
#TRANS 1930 {} -7200 20250204
}
#VER "19" "250097" 20250204 "Inbetalning fr†n Brf L„ngtans All (SIE)"
{
#TRANS 1689 {} -7200 20250204
#TRANS 1985 {} 7200 20250204
}
#VER "19" "250098" 20250225 "Korr: 19-250036"
{
#TRANS 1518 {} 4500 20250225
#TRANS 1930 {} -4500 20250225
#TRANS 2610 {} 900 20250225
#TRANS 2618 {} -900 20250225
}
#VER "19" "250099" 20250225 "Verifikation nr 1675 fr†n REAL (SIE)"
{
#TRANS 1518 {} -4500 20250225
#TRANS 1985 {} 4500 20250225
#TRANS 2610 {} -900 20250225
#TRANS 2618 {} 900 20250225
}
#VER "19" "250100" 20250226 "Korr: 19-250037"
{
#TRANS 1518 {} 6300 20250226
#TRANS 1930 {} -6300 20250226
#TRANS 2610 {} 1260 20250226
#TRANS 2618 {} -1260 20250226
}
#VER "19" "250101" 20250226 "Verifikation nr 1676 fr†n REAL (SIE)"
{
#TRANS 1518 {} -6300 20250226
#TRANS 1985 {} 6300 20250226
#TRANS 2610 {} -1260 20250226
#TRANS 2618 {} 1260 20250226
}
#VER "19" "250102" 20250226 "Korr: 19-250038"
{
#TRANS 1930 {} 891 20250226
#TRANS 2448 {} -891 20250226
}
#VER "19" "250103" 20250226 "Levbet Brf-Ekonomen i Stockholm AB (124) (SIE)"
{
#TRANS 1985 {} -891 20250226
#TRANS 2448 {} 891 20250226
}
#VER "19" "250104" 20250226 "Korr: 19-250039"
{
#TRANS 1930 {} 19519 20250226
#TRANS 2448 {} -19519 20250226
}
#VER "19" "250105" 20250226 "Levbet Brf-Ekonomen i Stockholm AB (123) (SIE)"
{
#TRANS 1985 {} -19519 20250226
#TRANS 2448 {} 19519 20250226
}
#VER "19" "250106" 20250227 "Korr: 19-250040"
{
#TRANS 1518 {} 4800 20250227
#TRANS 1930 {} -4800 20250227
#TRANS 2610 {} 960 20250227
#TRANS 2618 {} -960 20250227
}
#VER "19" "250107" 20250227 "Verifikation nr 1677 fr†n REAL (SIE)"
{
#TRANS 1518 {} -4800 20250227
#TRANS 1985 {} 4800 20250227
#TRANS 2610 {} -960 20250227
#TRANS 2618 {} 960 20250227
}
#VER "19" "250108" 20250228 "Korr: 19-250043"
{
#TRANS 1518 {} 1120 20250228
#TRANS 1518 {} 23640 20250228
#TRANS 1930 {} -7920 20250228
#TRANS 1930 {} -1120 20250228
#TRANS 1930 {} -16620 20250228
#TRANS 2420 {} 7920 20250228
#TRANS 2420 {} -7020 20250228
#TRANS 2610 {} 1920 20250228
#TRANS 2618 {} -1920 20250228
}
#VER "19" "250109" 20250228 "Verifikation nr 1678 fr†n REAL (SIE)"
{
#TRANS 1518 {} -1120 20250228
#TRANS 1518 {} -23640 20250228
#TRANS 1985 {} 7920 20250228
#TRANS 1985 {} 1120 20250228
#TRANS 1985 {} 16620 20250228
#TRANS 2420 {} -7920 20250228
#TRANS 2420 {} 7020 20250228
#TRANS 2610 {} -1920 20250228
#TRANS 2618 {} 1920 20250228
}
#VER "19" "250110" 20250303 "Korr: 19-250054"
{
#TRANS 1518 {} 1800 20250303
#TRANS 1930 {} -1800 20250303
}
#VER "19" "250111" 20250303 "Verifikation nr 1683 fr†n REAL (SIE)"
{
#TRANS 1518 {} -1800 20250303
#TRANS 1985 {} 1800 20250303
}
#VER "19" "250112" 20250307 "Korr: 19-250057"
{
#TRANS 1518 {} 16200 20250307
#TRANS 1930 {} -16200 20250307
}
#VER "19" "250113" 20250307 "Verifikation nr 1684 fr†n REAL (SIE)"
{
#TRANS 1518 {} -16200 20250307
#TRANS 1985 {} 16200 20250307
}
#VER "19" "250114" 20250310 "Korr: 19-250058"
{
#TRANS 1930 {} 250.85 20250310
#TRANS 6570 {} -250.85 20250310
}
#VER "19" "250115" 20250310 "Banktj„nster (SIE)"
{
#TRANS 1985 {} -250.85 20250310
#TRANS 6570 {} 250.85 20250310
}
#VER "19" "250116" 20250310 "Korr: 19-250059"
{
#TRANS 1518 {} 900 20250310
#TRANS 1930 {} -900 20250310
}
#VER "19" "250117" 20250310 "Verifikation nr 1685 fr†n REAL (SIE)"
{
#TRANS 1518 {} -900 20250310
#TRANS 1985 {} 900 20250310
}
#VER "24" "250001" 20250430 "Utl„ggsredovisning #183114"
{
#TRANS 2420 {} 2448 20250430
#TRANS 2480 {} -2448 20250430
}
#VER "25" "250001" 20250212 "2534933, Brf L„ngtans All"
{
#TRANS 2440 {} -110585 20250212
#TRANS 5012 {} 110585 20250212
}
#VER "25" "250002" 20250212 "2534933, Brf L„ngtans All"
{
#TRANS 2440 {} 110585 20250212
#TRANS 5012 {} -110585 20250212
}
#VER "25" "250003" 20250217 "2535622, Brf L„ngtans All"
{
#TRANS 2440 {} -110585 20250217
#TRANS 5012 {} 110585 20250217
}
#VER "25" "250004" 20250307 "2579548, Brf L„ngtans All"
{
#TRANS 2440 {} -110607 20250307
#TRANS 5012 {} 110607 20250307
}
#VER "25" "250005" 20250404 "2624470, Brf L„ngtans All"
{
#TRANS 2440 {} -110585 20250404
#TRANS 5012 {} 110585 20250404
}
#VER "25" "250006" 20250428 "Nabo-faktura"
{
#TRANS 2440 {} -603 20250428
#TRANS 6250 {} 0 20250428
#TRANS 6482 {} 75 20250428
#TRANS 6500 {} 528 20250428
}
#VER "25" "250007" 20250428 "2635913, Brf Ekonomen"
{
#TRANS 2640 {} 121 20250428
#TRANS 6250 {} 0 20250428
#TRANS 6482 {} -15.05 20250428
#TRANS 6500 {} -105.95 20250428
}
#VER "25" "250008" 20250527 "Nabo-faktura"
{
#TRANS 2440 {} -488 20250527
#TRANS 2810 {} 60 20250527
#TRANS 3740 {} -0.44 20250527
#TRANS 6250 {} 0 20250527
#TRANS 6482 {} 98.44 20250527
#TRANS 6490 {} 0 20250527
#TRANS 6500 {} 330 20250527
}
#VER "25" "250009" 20250527 "2681550, Brf Ekonomen"
{
#TRANS 2640 {} 85.95 20250527
#TRANS 3740 {} 0.09 20250527
#TRANS 6250 {} 0 20250527
#TRANS 6482 {} -19.77 20250527
#TRANS 6490 {} 0 20250527
#TRANS 6500 {} -66.27 20250527
}
#VER "25" "250010" 20250626 "Nabo-faktura"
{
#TRANS 2440 {} -860 20250626
#TRANS 3740 {} -0.38 20250626
#TRANS 6482 {} 634.38 20250626
#TRANS 6490 {} -60 20250626
#TRANS 6500 {} 286 20250626
}
#VER "25" "250011" 20250626 "2731038, Brf Ekonomen"
{
#TRANS 2640 {} 172 20250626
#TRANS 3740 {} 0.08 20250626
#TRANS 6482 {} -126.88 20250626
#TRANS 6490 {} 12 20250626
#TRANS 6500 {} -57.2 20250626
}
#VER "25" "250012" 20250630 "2761785, Brf L„ngtans All"
{
#TRANS 2440 {} -110585 20250630
#TRANS 5012 {} 110585 20250630
}
#VER "25" "250013" 20250630 "2761785, Brf L?ngtans All?"
{
#TRANS 2640 {} 22117 20250630
#TRANS 5012 {} -22117 20250630
}
#VER "25" "250014" 20250725 "Nabo-faktura"
{
#TRANS 2440 {} -389 20250725
#TRANS 3740 {} -0.13 20250725
#TRANS 6482 {} 103.13 20250725
#TRANS 6500 {} 286 20250725
}
#VER "25" "250015" 20250725 "2774959, Brf Ekonomen"
{
#TRANS 2640 {} 78 20250725
#TRANS 3740 {} 0.03 20250725
#TRANS 6482 {} -20.68 20250725
#TRANS 6500 {} -57.35 20250725
}
#VER "25" "250016" 20250217 "2535622, Brf L„ngtans All"
{
#TRANS 2640 {} 22117 20250217
#TRANS 5012 {} -22117 20250217
}
#VER "25" "250017" 20250404 "2624470, Brf L„ngtans All"
{
#TRANS 2640 {} 22117 20250404
#TRANS 5012 {} -22117 20250404
}
#VER "25" "250018" 20250307 "2579548, Brf L„ngtans All"
{
#TRANS 2640 {} 22117 20250307
#TRANS 5012 {} -22117 20250307
}
#VER "25" "250019" 20250829 "Nabo-faktura"
{
#TRANS 2440 {} -2316 20250829
#TRANS 3740 {} -0.13 20250829
#TRANS 6482 {} 2008.13 20250829
#TRANS 6500 {} 308 20250829
}
#VER "25" "250020" 20250829 "2824475, Brf Ekonomen"
{
#TRANS 2640 {} 462.99 20250829
#TRANS 3740 {} 0.03 20250829
#TRANS 6482 {} -401.45 20250829
#TRANS 6500 {} -61.57 20250829
}
#VER "25" "250021" 20250217 "2535622, Brf L„ngtans All"
{
#TRANS 2640 {} -22117 20250217
#TRANS 5012 {} 22117 20250217
}
#VER "25" "250022" 20250925 "Nabo-faktura"
{
#TRANS 2440 {} -816 20250925
#TRANS 3194 {} 0 20250925
#TRANS 3740 {} 0.31 20250925
#TRANS 6250 {} 0 20250925
#TRANS 6482 {} 529.69 20250925
#TRANS 6500 {} 286 20250925
}
#VER "25" "250023" 20250925 "2864618, Brf Ekonomen"
{
#TRANS 2640 {} 163 20250925
#TRANS 3194 {} 0 20250925
#TRANS 3740 {} -0.06 20250925
#TRANS 6250 {} 0 20250925
#TRANS 6482 {} -105.81 20250925
#TRANS 6500 {} -57.13 20250925
}
#VER "25" "250024" 20251003 "2897175, Brf L?ngtans All?"
{
#TRANS 2640 {} 22117 20251003
#TRANS 5012 {} -22117 20251003
}
#VER "25" "250025" 20251003 "2897175, Brf L„ngtans All"
{
#TRANS 2440 {} -110563 20251003
#TRANS 5012 {} 110563 20251003
}
#VER "25" "250026" 20251028 "Nabo-faktura"
{
#TRANS 2440 {} -430 20251028
#TRANS 3194 {} 0 20251028
#TRANS 3740 {} 0.12 20251028
#TRANS 6250 {} 0 20251028
#TRANS 6482 {} 121.88 20251028
#TRANS 6500 {} 308 20251028
}
#VER "25" "250027" 20251028 "2912441, Brf Ekonomen"
{
#TRANS 2640 {} 86 20251028
#TRANS 3194 {} 0 20251028
#TRANS 3740 {} -0.02 20251028
#TRANS 6250 {} 0 20251028
#TRANS 6482 {} -24.38 20251028
#TRANS 6500 {} -61.6 20251028
}
#VER "25" "250028" 20251201 "Nabo-faktura"
{
#TRANS 2440 {} -21335 20251201
#TRANS 2810 {} 180 20251201
#TRANS 3740 {} -0.38 20251201
#TRANS 6480 {} 19803.75 20251201
#TRANS 6482 {} 1065.63 20251201
#TRANS 6500 {} 286 20251201
}
#VER "25" "250029" 20251201 "2967323, Brf Ekonomen"
{
#TRANS 2640 {} 4231 20251201
#TRANS 3740 {} 0.08 20251201
#TRANS 6480 {} -3960.75 20251201
#TRANS 6482 {} -213.13 20251201
#TRANS 6500 {} -57.2 20251201
}
#VER "25" "250030" 20251212 "P†minnelseavgift"
{
#TRANS 1510 {} 60 20251212
#TRANS 2810 {} -60 20251212
}
#VER "25" "250031" 20251212 "P†minnelseavgift"
{
#TRANS 1510 {} 60 20251212
#TRANS 2810 {} -60 20251212
}
#VER "25" "250032" 20251212 "P†minnelseavgift"
{
#TRANS 1510 {} 60 20251212
#TRANS 2810 {} -60 20251212
}
#VER "25" "250033" 20251229 "Nabo-faktura"
{
#TRANS 2440 {} -1811 20251229
#TRANS 2810 {} 180 20251229
#TRANS 3740 {} 0.5 20251229
#TRANS 6482 {} 1382.5 20251229
#TRANS 6490 {} -60 20251229
#TRANS 6500 {} 308 20251229
}
#VER "25" "250034" 20251229 "3015135, Brf Ekonomen"
{
#TRANS 2640 {} 326.03 20251229
#TRANS 3740 {} -0.1 20251229
#TRANS 6482 {} -276.35 20251229
#TRANS 6490 {} 11.99 20251229
#TRANS 6500 {} -61.57 20251229
}
#VER "27" "250001" 20250814 "Levbet BGNR 7396104"
{
#TRANS 1985 {} -110607 20250814
#TRANS 2440 {} 110607 20250814
}
#VER "27" "250002" 20250815 "Levbet BGNR 7396104"
{
#TRANS 1985 {} -110585 20250815
#TRANS 2440 {} 110585 20250815
}
#VER "27" "250003" 20250815 "Levbet BGNR 6410500"
{
#TRANS 1985 {} -603 20250815
#TRANS 2440 {} 603 20250815
}
#VER "27" "250004" 20250815 "Levbet BGNR 6410500"
{
#TRANS 1985 {} -488 20250815
#TRANS 2440 {} 488 20250815
}
#VER "27" "250005" 20250815 "Levbet BGNR 6410500"
{
#TRANS 1985 {} -860 20250815
#TRANS 2440 {} 860 20250815
}
#VER "27" "250006" 20250820 "Levbet BGNR 7396104"
{
#TRANS 1985 {} -110585 20250820
#TRANS 2440 {} 110585 20250820
}
#VER "27" "250007" 20250901 "Levbet BGNR 6410500"
{
#TRANS 1985 {} -389 20250901
#TRANS 2440 {} 389 20250901
}
#VER "27" "250008" 20251001 "Levbet BGNR 6410500"
{
#TRANS 1985 {} -2316 20251001
#TRANS 2440 {} 2316 20251001
}
#VER "27" "250009" 20251022 "Skattebetalning (fyllnad)"
{
#TRANS 1630 {} 25000 20251022
#TRANS 1985 {} -25000 20251022
}
#VER "27" "250010" 20251031 "Levbet BGNR 6410500"
{
#TRANS 1985 {} -816 20251031
#TRANS 2440 {} 816 20251031
}
#VER "27" "250011" 20251201 "Levbet BGNR 6410500"
{
#TRANS 1985 {} -430 20251201
#TRANS 2440 {} 430 20251201
}
#VER "27" "250012" 20251230 "Levbet BGNR 7396104"
{
#TRANS 1985 {} -110563 20251230
#TRANS 2440 {} 110563 20251230
}
#VER "27" "250013" 20251230 "Levbet BGNR 6410500"
{
#TRANS 1985 {} -21335 20251230
#TRANS 2440 {} 21335 20251230
}
#VER "28" "250001" 20250328 "Kundfaktura Petter Gage"
{
#TRANS 1510 {} 900 20250328
#TRANS 2610 {} -180 20250328
#TRANS 3055 {} -720 20250328 "Hyresint„kter garage, moms, april"
}
#VER "28" "250002" 20250328 "Kundfaktura Alexandra Balanescu"
{
#TRANS 1510 {} 900 20250328
#TRANS 2610 {} -180 20250328
#TRANS 3055 {} -720 20250328 "Hyresint„kter garage, moms, april"
}
#VER "28" "250003" 20250328 "Kundfaktura Christer Andersson"
{
#TRANS 1510 {} 900 20250328
#TRANS 2610 {} -180 20250328
#TRANS 3055 {} -720 20250328 "Hyresint„kter garage, moms, april"
}
#VER "28" "250004" 20250328 "Kundfaktura Axel Kronkvist"
{
#TRANS 1510 {} 900 20250328
#TRANS 2610 {} -180 20250328
#TRANS 3055 {} -720 20250328 "Hyresint„kter garage, moms, april"
}
#VER "28" "250005" 20250328 "Kundfaktura Veronica Anna Maria Abrahamsson"
{
#TRANS 1510 {} 900 20250328
#TRANS 2610 {} -180 20250328
#TRANS 3055 {} -720 20250328 "Hyresint„kter garage, moms, april"
}
#VER "28" "250006" 20250328 "Kundfaktura Adil Demir"
{
#TRANS 1510 {} 900 20250328
#TRANS 2610 {} -180 20250328
#TRANS 3055 {} -720 20250328 "Hyresint„kter garage, moms, april"
}
#VER "28" "250007" 20250328 "Kundfaktura Joakim Severinsson"
{
#TRANS 1510 {} 900 20250328
#TRANS 2610 {} -180 20250328
#TRANS 3055 {} -720 20250328 "Hyresint„kter garage, moms, april"
}
#VER "28" "250008" 20250328 "Kundfaktura Linda Bergman"
{
#TRANS 1510 {} 900 20250328
#TRANS 2610 {} -180 20250328
#TRANS 3055 {} -720 20250328 "Hyresint„kter garage, moms, april"
}
#VER "28" "250009" 20250328 "Kundfaktura Mats Aspholm"
{
#TRANS 1510 {} 900 20250328
#TRANS 2610 {} -180 20250328
#TRANS 3055 {} -720 20250328 "Hyresint„kter garage, moms, april"
}
#VER "28" "250010" 20250328 "Kundfaktura Narmin Faile"
{
#TRANS 1510 {} 900 20250328
#TRANS 2610 {} -180 20250328
#TRANS 3055 {} -720 20250328 "Hyresint„kter garage, moms, april"
}
#VER "28" "250011" 20250328 "Kundfaktura Ana Gianina Corts Lopez"
{
#TRANS 1510 {} 900 20250328
#TRANS 2610 {} -180 20250328
#TRANS 3055 {} -720 20250328 "Hyresint„kter garage, moms, april"
}
#VER "28" "250012" 20250328 "Kundfaktura Sara Br„nnstr”m"
{
#TRANS 1510 {} 900 20250328
#TRANS 2610 {} -180 20250328
#TRANS 3055 {} -720 20250328 "Hyresint„kter garage, moms, april"
}
#VER "28" "250013" 20250328 "Kundfaktura Iman Hasan"
{
#TRANS 1510 {} 900 20250328
#TRANS 2610 {} -180 20250328
#TRANS 3055 {} -720 20250328 "Hyresint„kter garage, moms, april"
}
#VER "28" "250014" 20250328 "Kundfaktura Martin Ohlstr”m"
{
#TRANS 1510 {} 1200 20250328
#TRANS 2610 {} -240 20250328
#TRANS 3055 {} -960 20250328 "Hyresint„kter garage, moms, april"
}
#VER "28" "250015" 20250328 "Kundfaktura Bonde Harald Andersson"
{
#TRANS 1510 {} 900 20250328
#TRANS 2610 {} -180 20250328
#TRANS 3055 {} -720 20250328 "Hyresint„kter garage, moms, april"
}
#VER "28" "250016" 20250328 "Kundfaktura Glen Wiktorsson"
{
#TRANS 1510 {} 981 20250328
#TRANS 2610 {} -196 20250328
#TRANS 3055 {} -720 20250328 "Hyresint„kter garage, moms, april"
#TRANS 3124 {} -65 20250328 "Laddf”rbrukning 20241201-20250228"
}
#VER "28" "250017" 20250328 "Kundfaktura Belal Jalaluddin Baiany"
{
#TRANS 1510 {} 900 20250328
#TRANS 2610 {} -180 20250328
#TRANS 3055 {} -720 20250328 "Hyresint„kter garage, moms, april"
}
#VER "28" "250018" 20250328 "Kundfaktura Lars Gunnar Pehrsson"
{
#TRANS 1510 {} 900 20250328
#TRANS 2610 {} -180 20250328
#TRANS 3055 {} -720 20250328 "Hyresint„kter garage, moms, april"
}
#VER "28" "250019" 20250328 "Kundfaktura Marcus Aiehof"
{
#TRANS 1510 {} 900 20250328
#TRANS 2610 {} -180 20250328
#TRANS 3055 {} -720 20250328 "Hyresint„kter garage, moms, april"
}
#VER "28" "250020" 20250328 "Kundfaktura Goiteom Mikael"
{
#TRANS 1510 {} 900 20250328
#TRANS 2610 {} -180 20250328
#TRANS 3055 {} -720 20250328 "Hyresint„kter garage, moms, april"
}
#VER "28" "250021" 20250328 "Kundfaktura Karl Stefan Lindqvist"
{
#TRANS 1510 {} 900 20250328
#TRANS 2610 {} -180 20250328
#TRANS 3055 {} -720 20250328 "Hyresint„kter garage, moms, april"
}
#VER "28" "250022" 20250328 "Kundfaktura Malin Ekrelius"
{
#TRANS 1510 {} 900 20250328
#TRANS 2610 {} -180 20250328
#TRANS 3055 {} -720 20250328 "Hyresint„kter garage, moms, april"
}
#VER "28" "250023" 20250328 "Kundfaktura Omid Khaledi"
{
#TRANS 1510 {} 900 20250328
#TRANS 2610 {} -180 20250328
#TRANS 3055 {} -720 20250328 "Hyresint„kter garage, moms, april"
}
#VER "28" "250024" 20250328 "Kundfaktura Ganimete Binci"
{
#TRANS 1510 {} 2343 20250328
#TRANS 2610 {} -469 20250328
#TRANS 3055 {} -720 20250328 "Hyresint„kter garage, moms, april"
#TRANS 3124 {} -1154 20250328 "Laddf”rbrukning 20241201-20250228"
}
#VER "28" "250025" 20250328 "Kundfaktura Jamal Ashir"
{
#TRANS 1510 {} 900 20250328
#TRANS 2610 {} -180 20250328
#TRANS 3055 {} -720 20250328 "Hyresint„kter garage, moms, april"
}
#VER "28" "250026" 20250328 "Kundfaktura Irene Molander"
{
#TRANS 1510 {} 900 20250328
#TRANS 2610 {} -180 20250328
#TRANS 3055 {} -720 20250328 "Hyresint„kter garage, moms, april"
}
#VER "28" "250027" 20250328 "Kundfaktura Erik Bergstr”m"
{
#TRANS 1510 {} 900 20250328
#TRANS 2610 {} -180 20250328
#TRANS 3055 {} -720 20250328 "Hyresint„kter garage, moms, april"
}
#VER "28" "250028" 20250328 "Kundfaktura David Br„nnbacka"
{
#TRANS 1510 {} 900 20250328
#TRANS 2610 {} -180 20250328
#TRANS 3055 {} -720 20250328 "Hyresint„kter garage, moms, april"
}
#VER "28" "250029" 20250328 "Kundfaktura Robert Tergenius"
{
#TRANS 1510 {} 1200 20250328
#TRANS 2610 {} -240 20250328
#TRANS 3055 {} -960 20250328 "Hyresint„kter garage, moms, april"
}
#VER "28" "250030" 20250328 "Kundfaktura Christer Angeldal"
{
#TRANS 1510 {} 1200 20250328
#TRANS 2610 {} -240 20250328
#TRANS 3055 {} -960 20250328 "Hyresint„kter garage, moms, april"
}
#VER "28" "250031" 20250328 "Kundfaktura Evin Bider"
{
#TRANS 1510 {} 900 20250328
#TRANS 2610 {} -180 20250328
#TRANS 3055 {} -720 20250328 "Hyresint„kter garage, moms, april"
}
#VER "28" "250032" 20250328 "Kundfaktura Sofia Karlsson"
{
#TRANS 1510 {} 900 20250328
#TRANS 2610 {} -180 20250328
#TRANS 3055 {} -720 20250328 "Hyresint„kter garage, moms, april"
}
#VER "28" "250033" 20250328 "Kundfaktura Joel Holmgren"
{
#TRANS 1510 {} 2469 20250328
#TRANS 2610 {} -494 20250328
#TRANS 3055 {} -720 20250328 "Hyresint„kter garage, moms, april"
#TRANS 3124 {} -1255 20250328 "Laddf”rbrukning 20241201-20250228"
}
#VER "28" "250034" 20250328 "Kundfaktura Nahed Alwani"
{
#TRANS 1510 {} 900 20250328
#TRANS 2610 {} -180 20250328
#TRANS 3055 {} -720 20250328 "Hyresint„kter garage, moms, april"
}
#VER "28" "250035" 20250328 "Kundfaktura Lars Eriksson"
{
#TRANS 1510 {} 900 20250328
#TRANS 2610 {} -180 20250328
#TRANS 3055 {} -720 20250328 "Hyresint„kter garage, moms, april"
}
#VER "28" "250036" 20250328 "Kundfaktura Renata Veridiana Lopes Ramberg"
{
#TRANS 1510 {} 1289 20250328
#TRANS 2610 {} -258 20250328
#TRANS 3055 {} -720 20250328 "Hyresint„kter garage, moms, april"
#TRANS 3124 {} -311 20250328 "Laddf”rbrukning 20241201-20250228"
}
#VER "28" "250037" 20250328 "Kundfaktura Einar Selbyg"
{
#TRANS 1510 {} 900 20250328
#TRANS 2610 {} -180 20250328
#TRANS 3055 {} -720 20250328 "Hyresint„kter garage, moms, april"
}
#VER "28" "250038" 20250328 "Kundfaktura Mona Eriksson"
{
#TRANS 1510 {} 900 20250328
#TRANS 2610 {} -180 20250328
#TRANS 3055 {} -720 20250328 "Hyresint„kter garage, moms, april"
}
#VER "28" "250039" 20250328 "Kundfaktura Boris Ivanic"
{
#TRANS 1510 {} 2448 20250328
#TRANS 2610 {} -490 20250328
#TRANS 3055 {} -720 20250328 "Hyresint„kter garage, moms, april"
#TRANS 3124 {} -1238 20250328 "Laddf”rbrukning 20241201-20250228"
}
#VER "28" "250040" 20250328 "Kundfaktura Majd Mirza"
{
#TRANS 1510 {} 1283 20250328
#TRANS 2610 {} -257 20250328
#TRANS 3055 {} -960 20250328 "Hyresint„kter garage, moms, april"
#TRANS 3124 {} -66 20250328 "Laddf”rbrukning 20241201-20250228"
}
#VER "28" "250041" 20250328 "Kundfaktura Kenth Mats Artur Lindgren"
{
#TRANS 1510 {} 900 20250328
#TRANS 2610 {} -180 20250328
#TRANS 3055 {} -720 20250328 "Hyresint„kter garage, moms, april"
}
#VER "28" "250042" 20250328 "Kundfaktura Sebastian J”rts”"
{
#TRANS 1510 {} 900 20250328
#TRANS 2610 {} -180 20250328
#TRANS 3055 {} -720 20250328 "Hyresint„kter garage, moms, april"
}
#VER "28" "250043" 20250328 "Kundfaktura Karin Stenberg"
{
#TRANS 1510 {} 563 20250328
#TRANS 2610 {} -60 20250328
#TRANS 3054 {} -263 20250328 "Hyra MC 47 250225-250331"
#TRANS 3055 {} -240 20250328 "Hyresint„kter garage, moms, april"
}
#VER "28" "250044" 20250331 "Kundfaktura Joel Holmgren"
{
#TRANS 1510 {} -1569 20250331
#TRANS 2610 {} 314 20250331
#TRANS 3124 {} 1255 20250331 "Laddf”rbrukning 20241201-20250228"
}
#VER "28" "250045" 20250408 "Kundfaktura Petter Gage"
{
#TRANS 1510 {} 928 20250408
#TRANS 2610 {} -186 20250408
#TRANS 3055 {} -720 20250408 "Hyresint„kter garage, moms, maj"
#TRANS 3540 {} -22 20250408 "Aviseringskostnad"
}
#VER "28" "250046" 20250408 "Kundfaktura Alexandra Balanescu"
{
#TRANS 1510 {} 928 20250408
#TRANS 2610 {} -186 20250408
#TRANS 3055 {} -720 20250408 "Hyresint„kter garage, moms, maj"
#TRANS 3540 {} -22 20250408 "Aviseringskostnad"
}
#VER "28" "250047" 20250408 "Kundfaktura Christer Andersson"
{
#TRANS 1510 {} 900 20250408
#TRANS 2610 {} -180 20250408
#TRANS 3055 {} -720 20250408 "Hyresint„kter garage, moms, maj"
}
#VER "28" "250048" 20250408 "Kundfaktura Axel Kronkvist"
{
#TRANS 1510 {} 928 20250408
#TRANS 2610 {} -186 20250408
#TRANS 3055 {} -720 20250408 "Hyresint„kter garage, moms, maj"
#TRANS 3540 {} -22 20250408 "Aviseringskostnad"
}
#VER "28" "250049" 20250408 "Kundfaktura Veronica Anna Maria Abrahamsson"
{
#TRANS 1510 {} 928 20250408
#TRANS 2610 {} -186 20250408
#TRANS 3055 {} -720 20250408 "Hyresint„kter garage, moms, maj"
#TRANS 3540 {} -22 20250408 "Aviseringskostnad"
}
#VER "28" "250050" 20250408 "Kundfaktura Adil Demir"
{
#TRANS 1510 {} 928 20250408
#TRANS 2610 {} -186 20250408
#TRANS 3055 {} -720 20250408 "Hyresint„kter garage, moms, maj"
#TRANS 3540 {} -22 20250408 "Aviseringskostnad"
}
#VER "28" "250051" 20250408 "Kundfaktura Joakim Severinsson"
{
#TRANS 1510 {} 900 20250408
#TRANS 2610 {} -180 20250408
#TRANS 3055 {} -720 20250408 "Hyresint„kter garage, moms, maj"
}
#VER "28" "250052" 20250408 "Kundfaktura Linda Bergman"
{
#TRANS 1510 {} 900 20250408
#TRANS 2610 {} -180 20250408
#TRANS 3055 {} -720 20250408 "Hyresint„kter garage, moms, maj"
}
#VER "28" "250053" 20250408 "Kundfaktura Mats Aspholm"
{
#TRANS 1510 {} 900 20250408
#TRANS 2610 {} -180 20250408
#TRANS 3055 {} -720 20250408 "Hyresint„kter garage, moms, maj"
}
#VER "28" "250054" 20250408 "Kundfaktura Narmin Faile"
{
#TRANS 1510 {} 928 20250408
#TRANS 2610 {} -186 20250408
#TRANS 3055 {} -720 20250408 "Hyresint„kter garage, moms, maj"
#TRANS 3540 {} -22 20250408 "Aviseringskostnad"
}
#VER "28" "250055" 20250408 "Kundfaktura Ana Gianina Corts Lopez"
{
#TRANS 1510 {} 928 20250408
#TRANS 2610 {} -186 20250408
#TRANS 3055 {} -720 20250408 "Hyresint„kter garage, moms, maj"
#TRANS 3540 {} -22 20250408 "Aviseringskostnad"
}
#VER "28" "250056" 20250408 "Kundfaktura Sara Br„nnstr”m"
{
#TRANS 1510 {} 928 20250408
#TRANS 2610 {} -186 20250408
#TRANS 3055 {} -720 20250408 "Hyresint„kter garage, moms, maj"
#TRANS 3540 {} -22 20250408 "Aviseringskostnad"
}
#VER "28" "250057" 20250408 "Kundfaktura Iman Hasan"
{
#TRANS 1510 {} 928 20250408
#TRANS 2610 {} -186 20250408
#TRANS 3055 {} -720 20250408 "Hyresint„kter garage, moms, maj"
#TRANS 3540 {} -22 20250408 "Aviseringskostnad"
}
#VER "28" "250058" 20250408 "Kundfaktura Martin Ohlstr”m"
{
#TRANS 1510 {} 1200 20250408
#TRANS 2610 {} -240 20250408
#TRANS 3055 {} -960 20250408 "Hyresint„kter garage, moms, maj"
}
#VER "28" "250059" 20250408 "Kundfaktura Lena Borgklint"
{
#TRANS 1510 {} 928 20250408
#TRANS 2610 {} -186 20250408
#TRANS 3055 {} -720 20250408 "Hyresint„kter garage, moms, maj"
#TRANS 3540 {} -22 20250408 "Aviseringskostnad"
}
#VER "28" "250060" 20250408 "Kundfaktura Glen Wiktorsson"
{
#TRANS 1510 {} 900 20250408
#TRANS 2610 {} -180 20250408
#TRANS 3055 {} -720 20250408 "Hyresint„kter garage, moms, maj"
}
#VER "28" "250061" 20250408 "Kundfaktura Belal Jalaluddin Baiany"
{
#TRANS 1510 {} 900 20250408
#TRANS 2610 {} -180 20250408
#TRANS 3055 {} -720 20250408 "Hyresint„kter garage, moms, maj"
}
#VER "28" "250062" 20250408 "Kundfaktura Lars Gunnar Pehrsson"
{
#TRANS 1510 {} 900 20250408
#TRANS 2610 {} -180 20250408
#TRANS 3055 {} -720 20250408 "Hyresint„kter garage, moms, maj"
}
#VER "28" "250063" 20250408 "Kundfaktura Marcus Aiehof"
{
#TRANS 1510 {} 928 20250408
#TRANS 2610 {} -186 20250408
#TRANS 3055 {} -720 20250408 "Hyresint„kter garage, moms, maj"
#TRANS 3540 {} -22 20250408 "Aviseringskostnad"
}
#VER "28" "250064" 20250408 "Kundfaktura Goiteom Mikael"
{
#TRANS 1510 {} 928 20250408
#TRANS 2610 {} -186 20250408
#TRANS 3055 {} -720 20250408 "Hyresint„kter garage, moms, maj"
#TRANS 3540 {} -22 20250408 "Aviseringskostnad"
}
#VER "28" "250065" 20250408 "Kundfaktura Karl Stefan Lindqvist"
{
#TRANS 1510 {} 928 20250408
#TRANS 2610 {} -186 20250408
#TRANS 3055 {} -720 20250408 "Hyresint„kter garage, moms, maj"
#TRANS 3540 {} -22 20250408 "Aviseringskostnad"
}
#VER "28" "250066" 20250408 "Kundfaktura Malin Ekrelius"
{
#TRANS 1510 {} 900 20250408
#TRANS 2610 {} -180 20250408
#TRANS 3055 {} -720 20250408 "Hyresint„kter garage, moms, maj"
}
#VER "28" "250067" 20250408 "Kundfaktura Omid Khaledi"
{
#TRANS 1510 {} 928 20250408
#TRANS 2610 {} -186 20250408
#TRANS 3055 {} -720 20250408 "Hyresint„kter garage, moms, maj"
#TRANS 3540 {} -22 20250408 "Aviseringskostnad"
}
#VER "28" "250068" 20250408 "Kundfaktura Arben Binci"
{
#TRANS 1510 {} 900 20250408
#TRANS 2610 {} -180 20250408
#TRANS 3055 {} -720 20250408 "Hyresint„kter garage, moms, maj"
}
#VER "28" "250069" 20250408 "Kundfaktura Jamal Ashir"
{
#TRANS 1510 {} 900 20250408
#TRANS 2610 {} -180 20250408
#TRANS 3055 {} -720 20250408 "Hyresint„kter garage, moms, maj"
}
#VER "28" "250070" 20250408 "Kundfaktura Irene Molander"
{
#TRANS 1510 {} 928 20250408
#TRANS 2610 {} -186 20250408
#TRANS 3055 {} -720 20250408 "Hyresint„kter garage, moms, maj"
#TRANS 3540 {} -22 20250408 "Aviseringskostnad"
}
#VER "28" "250071" 20250408 "Kundfaktura Erik Bergstr”m"
{
#TRANS 1510 {} 928 20250408
#TRANS 2610 {} -186 20250408
#TRANS 3055 {} -720 20250408 "Hyresint„kter garage, moms, maj"
#TRANS 3540 {} -22 20250408 "Aviseringskostnad"
}
#VER "28" "250072" 20250408 "Kundfaktura David Br„nnbacka"
{
#TRANS 1510 {} 900 20250408
#TRANS 2610 {} -180 20250408
#TRANS 3055 {} -720 20250408 "Hyresint„kter garage, moms, maj"
}
#VER "28" "250073" 20250408 "Kundfaktura Robert Tergenius"
{
#TRANS 1510 {} 1200 20250408
#TRANS 2610 {} -240 20250408
#TRANS 3055 {} -960 20250408 "Hyresint„kter garage, moms, maj"
}
#VER "28" "250074" 20250408 "Kundfaktura Christer Angeldal"
{
#TRANS 1510 {} 1228 20250408
#TRANS 2610 {} -246 20250408
#TRANS 3055 {} -960 20250408 "Hyresint„kter garage, moms, maj"
#TRANS 3540 {} -22 20250408 "Aviseringskostnad"
}
#VER "28" "250075" 20250408 "Kundfaktura Evin Bider"
{
#TRANS 1510 {} 928 20250408
#TRANS 2610 {} -186 20250408
#TRANS 3055 {} -720 20250408 "Hyresint„kter garage, moms, maj"
#TRANS 3540 {} -22 20250408 "Aviseringskostnad"
}
#VER "28" "250076" 20250408 "Kundfaktura Sofia Karlsson"
{
#TRANS 1510 {} 928 20250408
#TRANS 2610 {} -186 20250408
#TRANS 3055 {} -720 20250408 "Hyresint„kter garage, moms, maj"
#TRANS 3540 {} -22 20250408 "Aviseringskostnad"
}
#VER "28" "250077" 20250408 "Kundfaktura Joel Holmgren"
{
#TRANS 1510 {} 900 20250408
#TRANS 2610 {} -180 20250408
#TRANS 3055 {} -720 20250408 "Hyresint„kter garage, moms, maj"
}
#VER "28" "250078" 20250408 "Kundfaktura Nahed Alwani"
{
#TRANS 1510 {} 900 20250408
#TRANS 2610 {} -180 20250408
#TRANS 3055 {} -720 20250408 "Hyresint„kter garage, moms, maj"
}
#VER "28" "250079" 20250408 "Kundfaktura Lars Eriksson"
{
#TRANS 1510 {} 928 20250408
#TRANS 2610 {} -186 20250408
#TRANS 3055 {} -720 20250408 "Hyresint„kter garage, moms, maj"
#TRANS 3540 {} -22 20250408 "Aviseringskostnad"
}
#VER "28" "250080" 20250408 "Kundfaktura Magnus Ramberg"
{
#TRANS 1510 {} 900 20250408
#TRANS 2610 {} -180 20250408
#TRANS 3055 {} -720 20250408 "Hyresint„kter garage, moms, maj"
}
#VER "28" "250081" 20250408 "Kundfaktura Einar Selbyg"
{
#TRANS 1510 {} 900 20250408
#TRANS 2610 {} -180 20250408
#TRANS 3055 {} -720 20250408 "Hyresint„kter garage, moms, maj"
}
#VER "28" "250082" 20250408 "Kundfaktura Mona Eriksson"
{
#TRANS 1510 {} 900 20250408
#TRANS 2610 {} -180 20250408
#TRANS 3055 {} -720 20250408 "Hyresint„kter garage, moms, maj"
}
#VER "28" "250083" 20250408 "Kundfaktura Boris Ivanic"
{
#TRANS 1510 {} 928 20250408
#TRANS 2610 {} -186 20250408
#TRANS 3055 {} -720 20250408 "Hyresint„kter garage, moms, maj"
#TRANS 3540 {} -22 20250408 "Aviseringskostnad"
}
#VER "28" "250084" 20250408 "Kundfaktura Majd Mirza"
{
#TRANS 1510 {} 1228 20250408
#TRANS 2610 {} -246 20250408
#TRANS 3055 {} -960 20250408 "Hyresint„kter garage, moms, maj"
#TRANS 3540 {} -22 20250408 "Aviseringskostnad"
}
#VER "28" "250085" 20250408 "Kundfaktura Kenth Mats Artur Lindgren"
{
#TRANS 1510 {} 2469 20250408
#TRANS 2610 {} -494 20250408
#TRANS 3055 {} -720 20250408 "Hyresint„kter garage, moms, maj"
#TRANS 3124 {} -1255 20250408 "Laddf”rbrukning 20241201-20250228"
}
#VER "28" "250086" 20250408 "Kundfaktura Sebastian J”rts”"
{
#TRANS 1510 {} 928 20250408
#TRANS 2610 {} -186 20250408
#TRANS 3055 {} -720 20250408 "Hyresint„kter garage, moms, maj"
#TRANS 3540 {} -22 20250408 "Aviseringskostnad"
}
#VER "28" "250087" 20250408 "Kundfaktura Karin Stenberg"
{
#TRANS 1510 {} 322 20250408
#TRANS 2610 {} -60 20250408
#TRANS 3055 {} -240 20250408 "Hyresint„kter garage, moms, maj"
#TRANS 3541 {} -22 20250408 "Aviseringskostnad"
}
#VER "28" "250088" 20250416 "Kundfaktura Karin Stenberg"
{
#TRANS 1510 {} -22 20250416
#TRANS 3541 {} 22 20250416 "Aviseringskostnad"
}
#VER "28" "250089" 20250506 "Kundfaktura Alexandra Balanescu"
{
#TRANS 1510 {} 928 20250506
#TRANS 2610 {} -186 20250506
#TRANS 3055 {} -720 20250506 "Hyresint„kter garage, moms, juni"
#TRANS 3540 {} -22 20250506 "Aviseringskostnad"
}
#VER "28" "250090" 20250506 "Kundfaktura Christer Andersson"
{
#TRANS 1510 {} 900 20250506
#TRANS 2610 {} -180 20250506
#TRANS 3055 {} -720 20250506 "Hyresint„kter garage, moms, juni"
}
#VER "28" "250091" 20250506 "Kundfaktura Axel Kronkvist"
{
#TRANS 1510 {} 928 20250506
#TRANS 2610 {} -186 20250506
#TRANS 3055 {} -720 20250506 "Hyresint„kter garage, moms, juni"
#TRANS 3540 {} -22 20250506 "Aviseringskostnad"
}
#VER "28" "250092" 20250506 "Kundfaktura Veronica Anna Maria Abrahamsson"
{
#TRANS 1510 {} 928 20250506
#TRANS 2610 {} -186 20250506
#TRANS 3055 {} -720 20250506 "Hyresint„kter garage, moms, juni"
#TRANS 3540 {} -22 20250506 "Aviseringskostnad"
}
#VER "28" "250093" 20250506 "Kundfaktura Adil Demir"
{
#TRANS 1510 {} 928 20250506
#TRANS 2610 {} -186 20250506
#TRANS 3055 {} -720 20250506 "Hyresint„kter garage, moms, juni"
#TRANS 3540 {} -22 20250506 "Aviseringskostnad"
}
#VER "28" "250094" 20250506 "Kundfaktura Joakim Severinsson"
{
#TRANS 1510 {} 900 20250506
#TRANS 2610 {} -180 20250506
#TRANS 3055 {} -720 20250506 "Hyresint„kter garage, moms, juni"
}
#VER "28" "250095" 20250506 "Kundfaktura Linda Bergman"
{
#TRANS 1510 {} 900 20250506
#TRANS 2610 {} -180 20250506
#TRANS 3055 {} -720 20250506 "Hyresint„kter garage, moms, juni"
}
#VER "28" "250096" 20250506 "Kundfaktura Mats Aspholm"
{
#TRANS 1510 {} 900 20250506
#TRANS 2610 {} -180 20250506
#TRANS 3055 {} -720 20250506 "Hyresint„kter garage, moms, juni"
}
#VER "28" "250097" 20250506 "Kundfaktura Narmin Faile"
{
#TRANS 1510 {} 900 20250506
#TRANS 2610 {} -180 20250506
#TRANS 3055 {} -720 20250506 "Hyresint„kter garage, moms, juni"
}
#VER "28" "250098" 20250506 "Kundfaktura Ana Gianina Corts Lopez"
{
#TRANS 1510 {} 928 20250506
#TRANS 2610 {} -186 20250506
#TRANS 3055 {} -720 20250506 "Hyresint„kter garage, moms, juni"
#TRANS 3540 {} -22 20250506 "Aviseringskostnad"
}
#VER "28" "250099" 20250506 "Kundfaktura Sara Br„nnstr”m"
{
#TRANS 1510 {} 928 20250506
#TRANS 2610 {} -186 20250506
#TRANS 3055 {} -720 20250506 "Hyresint„kter garage, moms, juni"
#TRANS 3540 {} -22 20250506 "Aviseringskostnad"
}
#VER "28" "250100" 20250506 "Kundfaktura Jalel Kadar Safar"
{
#TRANS 1510 {} 900 20250506
#TRANS 2610 {} -180 20250506
#TRANS 3055 {} -720 20250506 "Hyresint„kter garage, moms, juni"
}
#VER "28" "250101" 20250506 "Kundfaktura Martin Ohlstr”m"
{
#TRANS 1510 {} 1200 20250506
#TRANS 2610 {} -240 20250506
#TRANS 3055 {} -960 20250506 "Hyresint„kter garage, moms, juni"
}
#VER "28" "250102" 20250506 "Kundfaktura Lena Borgklint"
{
#TRANS 1510 {} 900 20250506
#TRANS 2610 {} -180 20250506
#TRANS 3055 {} -720 20250506 "Hyresint„kter garage, moms, juni"
}
#VER "28" "250103" 20250506 "Kundfaktura Glen Wiktorsson"
{
#TRANS 1510 {} 900 20250506
#TRANS 2610 {} -180 20250506
#TRANS 3055 {} -720 20250506 "Hyresint„kter garage, moms, juni"
}
#VER "28" "250104" 20250506 "Kundfaktura Belal Jalaluddin Baiany"
{
#TRANS 1510 {} 900 20250506
#TRANS 2610 {} -180 20250506
#TRANS 3055 {} -720 20250506 "Hyresint„kter garage, moms, juni"
}
#VER "28" "250105" 20250506 "Kundfaktura Lars Gunnar Pehrsson"
{
#TRANS 1510 {} 900 20250506
#TRANS 2610 {} -180 20250506
#TRANS 3055 {} -720 20250506 "Hyresint„kter garage, moms, juni"
}
#VER "28" "250106" 20250506 "Kundfaktura Marcus Aiehof"
{
#TRANS 1510 {} 928 20250506
#TRANS 2610 {} -186 20250506
#TRANS 3055 {} -720 20250506 "Hyresint„kter garage, moms, juni"
#TRANS 3540 {} -22 20250506 "Aviseringskostnad"
}
#VER "28" "250107" 20250506 "Kundfaktura Goiteom Mikael"
{
#TRANS 1510 {} 928 20250506
#TRANS 2610 {} -186 20250506
#TRANS 3055 {} -720 20250506 "Hyresint„kter garage, moms, juni"
#TRANS 3540 {} -22 20250506 "Aviseringskostnad"
}
#VER "28" "250108" 20250506 "Kundfaktura Karl Stefan Lindqvist"
{
#TRANS 1510 {} 900 20250506
#TRANS 2610 {} -180 20250506
#TRANS 3055 {} -720 20250506 "Hyresint„kter garage, moms, juni"
}
#VER "28" "250109" 20250506 "Kundfaktura Malin Ekrelius"
{
#TRANS 1510 {} 900 20250506
#TRANS 2610 {} -180 20250506
#TRANS 3055 {} -720 20250506 "Hyresint„kter garage, moms, juni"
}
#VER "28" "250110" 20250506 "Kundfaktura Omid Khaledi"
{
#TRANS 1510 {} 928 20250506
#TRANS 2610 {} -186 20250506
#TRANS 3055 {} -720 20250506 "Hyresint„kter garage, moms, juni"
#TRANS 3540 {} -22 20250506 "Aviseringskostnad"
}
#VER "28" "250111" 20250506 "Kundfaktura Arben Binci"
{
#TRANS 1510 {} 900 20250506
#TRANS 2610 {} -180 20250506
#TRANS 3055 {} -720 20250506 "Hyresint„kter garage, moms, juni"
}
#VER "28" "250112" 20250506 "Kundfaktura Jamal Ashir"
{
#TRANS 1510 {} 900 20250506
#TRANS 2610 {} -180 20250506
#TRANS 3055 {} -720 20250506 "Hyresint„kter garage, moms, juni"
}
#VER "28" "250113" 20250506 "Kundfaktura Irene Molander"
{
#TRANS 1510 {} 928 20250506
#TRANS 2610 {} -186 20250506
#TRANS 3055 {} -720 20250506 "Hyresint„kter garage, moms, juni"
#TRANS 3540 {} -22 20250506 "Aviseringskostnad"
}
#VER "28" "250114" 20250506 "Kundfaktura Erik Bergstr”m"
{
#TRANS 1510 {} 928 20250506
#TRANS 2610 {} -186 20250506
#TRANS 3055 {} -720 20250506 "Hyresint„kter garage, moms, juni"
#TRANS 3540 {} -22 20250506 "Aviseringskostnad"
}
#VER "28" "250115" 20250506 "Kundfaktura David Br„nnbacka"
{
#TRANS 1510 {} 900 20250506
#TRANS 2610 {} -180 20250506
#TRANS 3055 {} -720 20250506 "Hyresint„kter garage, moms, juni"
}
#VER "28" "250116" 20250506 "Kundfaktura Robert Tergenius"
{
#TRANS 1510 {} 1200 20250506
#TRANS 2610 {} -240 20250506
#TRANS 3055 {} -960 20250506 "Hyresint„kter garage, moms, juni"
}
#VER "28" "250117" 20250506 "Kundfaktura Christer Angeldal"
{
#TRANS 1510 {} 1200 20250506
#TRANS 2610 {} -240 20250506
#TRANS 3055 {} -960 20250506 "Hyresint„kter garage, moms, juni"
}
#VER "28" "250118" 20250506 "Kundfaktura Evin Bider"
{
#TRANS 1510 {} 900 20250506
#TRANS 2610 {} -180 20250506
#TRANS 3055 {} -720 20250506 "Hyresint„kter garage, moms, juni"
}
#VER "28" "250119" 20250506 "Kundfaktura Sofia Karlsson"
{
#TRANS 1510 {} 928 20250506
#TRANS 2610 {} -186 20250506
#TRANS 3055 {} -720 20250506 "Hyresint„kter garage, moms, juni"
#TRANS 3540 {} -22 20250506 "Aviseringskostnad"
}
#VER "28" "250120" 20250506 "Kundfaktura Joel Holmgren"
{
#TRANS 1510 {} 900 20250506
#TRANS 2610 {} -180 20250506
#TRANS 3055 {} -720 20250506 "Hyresint„kter garage, moms, juni"
}
#VER "28" "250121" 20250506 "Kundfaktura Nahed Alwani"
{
#TRANS 1510 {} 900 20250506
#TRANS 2610 {} -180 20250506
#TRANS 3055 {} -720 20250506 "Hyresint„kter garage, moms, juni"
}
#VER "28" "250122" 20250506 "Kundfaktura Lars Eriksson"
{
#TRANS 1510 {} 900 20250506
#TRANS 2610 {} -180 20250506
#TRANS 3055 {} -720 20250506 "Hyresint„kter garage, moms, juni"
}
#VER "28" "250123" 20250506 "Kundfaktura Magnus Ramberg"
{
#TRANS 1510 {} 900 20250506
#TRANS 2610 {} -180 20250506
#TRANS 3055 {} -720 20250506 "Hyresint„kter garage, moms, juni"
}
#VER "28" "250124" 20250506 "Kundfaktura Einar Selbyg"
{
#TRANS 1510 {} 900 20250506
#TRANS 2610 {} -180 20250506
#TRANS 3055 {} -720 20250506 "Hyresint„kter garage, moms, juni"
}
#VER "28" "250125" 20250506 "Kundfaktura Mona Eriksson"
{
#TRANS 1510 {} 900 20250506
#TRANS 2610 {} -180 20250506
#TRANS 3055 {} -720 20250506 "Hyresint„kter garage, moms, juni"
}
#VER "28" "250126" 20250506 "Kundfaktura Boris Ivanic"
{
#TRANS 1510 {} 900 20250506
#TRANS 2610 {} -180 20250506
#TRANS 3055 {} -720 20250506 "Hyresint„kter garage, moms, juni"
}
#VER "28" "250127" 20250506 "Kundfaktura Majd Mirza"
{
#TRANS 1510 {} 1228 20250506
#TRANS 2610 {} -246 20250506
#TRANS 3055 {} -960 20250506 "Hyresint„kter garage, moms, juni"
#TRANS 3540 {} -22 20250506 "Aviseringskostnad"
}
#VER "28" "250128" 20250506 "Kundfaktura Kenth Mats Artur Lindgren"
{
#TRANS 1510 {} 900 20250506
#TRANS 2610 {} -180 20250506
#TRANS 3055 {} -720 20250506 "Hyresint„kter garage, moms, juni"
}
#VER "28" "250129" 20250506 "Kundfaktura Sebastian J”rts”"
{
#TRANS 1510 {} 928 20250506
#TRANS 2610 {} -186 20250506
#TRANS 3055 {} -720 20250506 "Hyresint„kter garage, moms, juni"
#TRANS 3540 {} -22 20250506 "Aviseringskostnad"
}
#VER "28" "250130" 20250506 "Kundfaktura Joakim Severinsson"
{
#TRANS 1510 {} 630 20250506
#TRANS 2610 {} -126 20250506
#TRANS 3055 {} -240 20250506 "Hyresint„kter garage, moms, juni"
#TRANS 3055 {} -264 20250506 "Retroaktiv hyra MC46 20250428-20250531"
}
#VER "28" "250131" 20250506 "Kundfaktura Karin Stenberg"
{
#TRANS 1510 {} 322 20250506
#TRANS 2610 {} -60 20250506
#TRANS 3055 {} -240 20250506 "Hyresint„kter garage, moms, juni"
#TRANS 3541 {} -22 20250506 "Aviseringskostnad"
}
#VER "28" "250132" 20250516 "Kundfaktura Sara Br„nnstr”m"
{
#TRANS 1510 {} -810 20250516
#TRANS 2610 {} 162 20250516
#TRANS 3055 {} 648 20250516 "Hyresint„kter garage, moms, juni"
}
#VER "28" "250133" 20250605 "Kundfaktura Alexandra Balanescu"
{
#TRANS 1510 {} 928 20250605
#TRANS 2610 {} -186 20250605
#TRANS 3055 {} -720 20250605 "Hyresint„kter garage, moms, juli"
#TRANS 3540 {} -22 20250605 "Aviseringskostnad"
}
#VER "28" "250134" 20250605 "Kundfaktura Christer Andersson"
{
#TRANS 1510 {} 900 20250605
#TRANS 2610 {} -180 20250605
#TRANS 3055 {} -720 20250605 "Hyresint„kter garage, moms, juli"
}
#VER "28" "250135" 20250605 "Kundfaktura Axel Kronkvist"
{
#TRANS 1510 {} 928 20250605
#TRANS 2610 {} -186 20250605
#TRANS 3055 {} -720 20250605 "Hyresint„kter garage, moms, juli"
#TRANS 3540 {} -22 20250605 "Aviseringskostnad"
}
#VER "28" "250136" 20250605 "Kundfaktura Veronica Anna Maria Abrahamsson"
{
#TRANS 1510 {} 900 20250605
#TRANS 2610 {} -180 20250605
#TRANS 3055 {} -720 20250605 "Hyresint„kter garage, moms, juli"
}
#VER "28" "250137" 20250605 "Kundfaktura Adil Demir"
{
#TRANS 1510 {} 928 20250605
#TRANS 2610 {} -186 20250605
#TRANS 3055 {} -720 20250605 "Hyresint„kter garage, moms, juli"
#TRANS 3540 {} -22 20250605 "Aviseringskostnad"
}
#VER "28" "250138" 20250605 "Kundfaktura Joakim Severinsson"
{
#TRANS 1510 {} 900 20250605
#TRANS 2610 {} -180 20250605
#TRANS 3055 {} -720 20250605 "Hyresint„kter garage, moms, juli"
}
#VER "28" "250139" 20250605 "Kundfaktura Linda Bergman"
{
#TRANS 1510 {} 900 20250605
#TRANS 2610 {} -180 20250605
#TRANS 3055 {} -720 20250605 "Hyresint„kter garage, moms, juli"
}
#VER "28" "250140" 20250605 "Kundfaktura Mats Aspholm"
{
#TRANS 1510 {} 900 20250605
#TRANS 2610 {} -180 20250605
#TRANS 3055 {} -720 20250605 "Hyresint„kter garage, moms, juli"
}
#VER "28" "250141" 20250605 "Kundfaktura Narmin Faile"
{
#TRANS 1510 {} 900 20250605
#TRANS 2610 {} -180 20250605
#TRANS 3055 {} -720 20250605 "Hyresint„kter garage, moms, juli"
}
#VER "28" "250142" 20250605 "Kundfaktura Ana Gianina Corts Lopez"
{
#TRANS 1510 {} 928 20250605
#TRANS 2610 {} -186 20250605
#TRANS 3055 {} -720 20250605 "Hyresint„kter garage, moms, juli"
#TRANS 3540 {} -22 20250605 "Aviseringskostnad"
}
#VER "28" "250143" 20250605 "Kundfaktura Jalel Kadar Safar"
{
#TRANS 1510 {} 900 20250605
#TRANS 2610 {} -180 20250605
#TRANS 3055 {} -720 20250605 "Hyresint„kter garage, moms, juli"
}
#VER "28" "250144" 20250605 "Kundfaktura Martin Ohlstr”m"
{
#TRANS 1510 {} 1200 20250605
#TRANS 2610 {} -240 20250605
#TRANS 3055 {} -960 20250605 "Hyresint„kter garage, moms, juli"
}
#VER "28" "250145" 20250605 "Kundfaktura Lena Borgklint"
{
#TRANS 1510 {} 900 20250605
#TRANS 2610 {} -180 20250605
#TRANS 3055 {} -720 20250605 "Hyresint„kter garage, moms, juli"
}
#VER "28" "250146" 20250605 "Kundfaktura Glen Wiktorsson"
{
#TRANS 1510 {} 993 20250605
#TRANS 2610 {} -199 20250605
#TRANS 3055 {} -720 20250605 "Hyresint„kter garage, moms, juli"
#TRANS 3124 {} -74 20250605 "Laddf”rbrukning 20250301-20250531"
}
#VER "28" "250147" 20250605 "Kundfaktura Belal Jalaluddin Baiany"
{
#TRANS 1510 {} 900 20250605
#TRANS 2610 {} -180 20250605
#TRANS 3055 {} -720 20250605 "Hyresint„kter garage, moms, juli"
}
#VER "28" "250148" 20250605 "Kundfaktura Lars Gunnar Pehrsson"
{
#TRANS 1510 {} 900 20250605
#TRANS 2610 {} -180 20250605
#TRANS 3055 {} -720 20250605 "Hyresint„kter garage, moms, juli"
}
#VER "28" "250149" 20250605 "Kundfaktura Marcus Aiehof"
{
#TRANS 1510 {} 900 20250605
#TRANS 2610 {} -180 20250605
#TRANS 3055 {} -720 20250605 "Hyresint„kter garage, moms, juli"
}
#VER "28" "250150" 20250605 "Kundfaktura Goiteom Mikael"
{
#TRANS 1510 {} 956 20250605
#TRANS 1520 {} -28 20250605 "Rest fr†n avi 776543696"
#TRANS 2610 {} -186 20250605
#TRANS 3055 {} -720 20250605 "Hyresint„kter garage, moms, juli"
#TRANS 3540 {} -22 20250605 "Aviseringskostnad"
}
#VER "28" "250151" 20250605 "Kundfaktura Karl Stefan Lindqvist"
{
#TRANS 1510 {} 900 20250605
#TRANS 2610 {} -180 20250605
#TRANS 3055 {} -720 20250605 "Hyresint„kter garage, moms, juli"
}
#VER "28" "250152" 20250605 "Kundfaktura Malin Ekrelius"
{
#TRANS 1510 {} 900 20250605
#TRANS 2610 {} -180 20250605
#TRANS 3055 {} -720 20250605 "Hyresint„kter garage, moms, juli"
}
#VER "28" "250153" 20250605 "Kundfaktura Omid Khaledi"
{
#TRANS 1510 {} 928 20250605
#TRANS 2610 {} -186 20250605
#TRANS 3055 {} -720 20250605 "Hyresint„kter garage, moms, juli"
#TRANS 3540 {} -22 20250605 "Aviseringskostnad"
}
#VER "28" "250154" 20250605 "Kundfaktura Arben Binci"
{
#TRANS 1510 {} 2148 20250605
#TRANS 2610 {} -430 20250605
#TRANS 3055 {} -720 20250605 "Hyresint„kter garage, moms, juli"
#TRANS 3124 {} -998 20250605 "Laddf”rbrukning 20250301-20250531"
}
#VER "28" "250155" 20250605 "Kundfaktura Jamal Ashir"
{
#TRANS 1510 {} 900 20250605
#TRANS 2610 {} -180 20250605
#TRANS 3055 {} -720 20250605 "Hyresint„kter garage, moms, juli"
}
#VER "28" "250156" 20250605 "Kundfaktura Irene Molander"
{
#TRANS 1510 {} 928 20250605
#TRANS 2610 {} -186 20250605
#TRANS 3055 {} -720 20250605 "Hyresint„kter garage, moms, juli"
#TRANS 3540 {} -22 20250605 "Aviseringskostnad"
}
#VER "28" "250157" 20250605 "Kundfaktura Erik Bergstr”m"
{
#TRANS 1510 {} 928 20250605
#TRANS 2610 {} -186 20250605
#TRANS 3055 {} -720 20250605 "Hyresint„kter garage, moms, juli"
#TRANS 3540 {} -22 20250605 "Aviseringskostnad"
}
#VER "28" "250158" 20250605 "Kundfaktura David Br„nnbacka"
{
#TRANS 1510 {} 900 20250605
#TRANS 2610 {} -180 20250605
#TRANS 3055 {} -720 20250605 "Hyresint„kter garage, moms, juli"
}
#VER "28" "250159" 20250605 "Kundfaktura Robert Tergenius"
{
#TRANS 1510 {} 1200 20250605
#TRANS 2610 {} -240 20250605
#TRANS 3055 {} -960 20250605 "Hyresint„kter garage, moms, juli"
}
#VER "28" "250160" 20250605 "Kundfaktura Christer Angeldal"
{
#TRANS 1510 {} 1200 20250605
#TRANS 2610 {} -240 20250605
#TRANS 3055 {} -960 20250605 "Hyresint„kter garage, moms, juli"
}
#VER "28" "250161" 20250605 "Kundfaktura Evin Bider"
{
#TRANS 1510 {} 900 20250605
#TRANS 2610 {} -180 20250605
#TRANS 3055 {} -720 20250605 "Hyresint„kter garage, moms, juli"
}
#VER "28" "250162" 20250605 "Kundfaktura Sofia Karlsson"
{
#TRANS 1510 {} 928 20250605
#TRANS 2610 {} -186 20250605
#TRANS 3055 {} -720 20250605 "Hyresint„kter garage, moms, juli"
#TRANS 3540 {} -22 20250605 "Aviseringskostnad"
}
#VER "28" "250163" 20250605 "Kundfaktura Joel Holmgren"
{
#TRANS 1510 {} 900 20250605
#TRANS 2610 {} -180 20250605
#TRANS 3055 {} -720 20250605 "Hyresint„kter garage, moms, juli"
}
#VER "28" "250164" 20250605 "Kundfaktura Nahed Alwani"
{
#TRANS 1510 {} 900 20250605
#TRANS 2610 {} -180 20250605
#TRANS 3055 {} -720 20250605 "Hyresint„kter garage, moms, juli"
}
#VER "28" "250165" 20250605 "Kundfaktura Lars Eriksson"
{
#TRANS 1510 {} 900 20250605
#TRANS 2610 {} -180 20250605
#TRANS 3055 {} -720 20250605 "Hyresint„kter garage, moms, juli"
}
#VER "28" "250166" 20250605 "Kundfaktura Magnus Ramberg"
{
#TRANS 1510 {} 1500 20250605
#TRANS 2610 {} -300 20250605
#TRANS 3055 {} -720 20250605 "Hyresint„kter garage, moms, juli"
#TRANS 3124 {} -480 20250605 "Laddf”rbrukning 20250301-20250531"
}
#VER "28" "250167" 20250605 "Kundfaktura Einar Selbyg"
{
#TRANS 1510 {} 900 20250605
#TRANS 2610 {} -180 20250605
#TRANS 3055 {} -720 20250605 "Hyresint„kter garage, moms, juli"
}
#VER "28" "250168" 20250605 "Kundfaktura Mona Eriksson"
{
#TRANS 1510 {} 900 20250605
#TRANS 2610 {} -180 20250605
#TRANS 3055 {} -720 20250605 "Hyresint„kter garage, moms, juli"
}
#VER "28" "250169" 20250605 "Kundfaktura Boris Ivanic"
{
#TRANS 1510 {} 2093 20250605
#TRANS 2610 {} -419 20250605
#TRANS 3055 {} -720 20250605 "Hyresint„kter garage, moms, juli"
#TRANS 3124 {} -954 20250605 "Laddf”rbrukning 20250301-20250531"
}
#VER "28" "250170" 20250605 "Kundfaktura Majd Mirza"
{
#TRANS 1510 {} 2269 20250605
#TRANS 2610 {} -454 20250605
#TRANS 3055 {} -960 20250605 "Hyresint„kter garage, moms, juli"
#TRANS 3124 {} -833 20250605 "Laddf”rbrukning 20250301-20250531"
#TRANS 3540 {} -22 20250605 "Aviseringskostnad"
}
#VER "28" "250171" 20250605 "Kundfaktura Kenth Mats Artur Lindgren"
{
#TRANS 1510 {} 3065 20250605
#TRANS 2610 {} -613 20250605
#TRANS 3055 {} -720 20250605 "Hyresint„kter garage, moms, juli"
#TRANS 3124 {} -1732 20250605 "Laddf”rbrukning 20250301-20250531"
}
#VER "28" "250172" 20250605 "Kundfaktura Sebastian J”rts”"
{
#TRANS 1510 {} 959 20250605
#TRANS 2610 {} -192 20250605
#TRANS 3055 {} -720 20250605 "Hyresint„kter garage, moms, juli"
#TRANS 3124 {} -25 20250605 "Laddf”rbrukning 20250301-20250531"
#TRANS 3540 {} -22 20250605 "Aviseringskostnad"
}
#VER "28" "250173" 20250605 "Kundfaktura Joakim Severinsson"
{
#TRANS 1510 {} 322 20250605
#TRANS 2610 {} -60 20250605
#TRANS 3055 {} -240 20250605 "Hyresint„kter garage, moms, juli"
#TRANS 3541 {} -22 20250605 "Aviseringskostnad"
}
#VER "28" "250174" 20250605 "Kundfaktura Karin Stenberg"
{
#TRANS 1510 {} 322 20250605
#TRANS 2610 {} -60 20250605
#TRANS 3055 {} -240 20250605 "Hyresint„kter garage, moms, juli"
#TRANS 3541 {} -22 20250605 "Aviseringskostnad"
}
#VER "28" "250175" 20250328 "Kundfaktura Karin Stenberg"
{
#TRANS 3054 {} 263 20250328
#TRANS 3055 {} -263 20250328
}
#VER "28" "250176" 20250701 "Kundfaktura Martin Ohlstr”m"
{
#TRANS 1510 {} 0 20250701
}
#VER "28" "250177" 20250701 "Kundfaktura Alexandra Balanescu"
{
#TRANS 1510 {} 928 20250701
#TRANS 2610 {} -186 20250701
#TRANS 3055 {} -720 20250701 "Hyresint„kter garage, moms, augusti"
#TRANS 3540 {} -22 20250701 "Aviseringskostnad"
}
#VER "28" "250178" 20250701 "Kundfaktura Christer Andersson"
{
#TRANS 1510 {} 900 20250701
#TRANS 2610 {} -180 20250701
#TRANS 3055 {} -720 20250701 "Hyresint„kter garage, moms, augusti"
}
#VER "28" "250179" 20250701 "Kundfaktura Axel Kronkvist"
{
#TRANS 1510 {} 928 20250701
#TRANS 2610 {} -186 20250701
#TRANS 3055 {} -720 20250701 "Hyresint„kter garage, moms, augusti"
#TRANS 3540 {} -22 20250701 "Aviseringskostnad"
}
#VER "28" "250180" 20250701 "Kundfaktura Veronica Anna Maria Abrahamsson"
{
#TRANS 1510 {} 872 20250701
#TRANS 1530 {} 28 20250701 "Tillgodo fr†n avi 8149274"
#TRANS 2610 {} -180 20250701
#TRANS 3055 {} -720 20250701 "Hyresint„kter garage, moms, augusti"
}
#VER "28" "250181" 20250701 "Kundfaktura Adil Demir"
{
#TRANS 1510 {} 928 20250701
#TRANS 2610 {} -186 20250701
#TRANS 3055 {} -720 20250701 "Hyresint„kter garage, moms, augusti"
#TRANS 3540 {} -22 20250701 "Aviseringskostnad"
}
#VER "28" "250182" 20250701 "Kundfaktura Joakim Severinsson"
{
#TRANS 1510 {} 900 20250701
#TRANS 2610 {} -180 20250701
#TRANS 3055 {} -720 20250701 "Hyresint„kter garage, moms, augusti"
}
#VER "28" "250183" 20250701 "Kundfaktura Linda Bergman"
{
#TRANS 1510 {} 900 20250701
#TRANS 2610 {} -180 20250701
#TRANS 3055 {} -720 20250701 "Hyresint„kter garage, moms, augusti"
}
#VER "28" "250184" 20250701 "Kundfaktura Mats Aspholm"
{
#TRANS 1510 {} 900 20250701
#TRANS 2610 {} -180 20250701
#TRANS 3055 {} -720 20250701 "Hyresint„kter garage, moms, augusti"
}
#VER "28" "250185" 20250701 "Kundfaktura Narmin Faile"
{
#TRANS 1510 {} 900 20250701
#TRANS 2610 {} -180 20250701
#TRANS 3055 {} -720 20250701 "Hyresint„kter garage, moms, augusti"
}
#VER "28" "250186" 20250701 "Kundfaktura Ana Gianina Corts Lopez"
{
#TRANS 1510 {} 928 20250701
#TRANS 2610 {} -186 20250701
#TRANS 3055 {} -720 20250701 "Hyresint„kter garage, moms, augusti"
#TRANS 3540 {} -22 20250701 "Aviseringskostnad"
}
#VER "28" "250187" 20250701 "Kundfaktura Malin Bj”rnstad"
{
#TRANS 1510 {} 2100 20250701
#TRANS 2610 {} -420 20250701
#TRANS 3055 {} -720 20250701 "Hyresint„kter garage, moms, augusti"
#TRANS 3055 {} -960 20250701 "Retroaktiv garagehyra moms 20250620 till 20250731"
}
#VER "28" "250188" 20250701 "Kundfaktura Jalel Kadar Safar"
{
#TRANS 1510 {} 900 20250701
#TRANS 2610 {} -180 20250701
#TRANS 3055 {} -720 20250701 "Hyresint„kter garage, moms, augusti"
}
#VER "28" "250189" 20250701 "Kundfaktura Martin Ohlstr”m"
{
#TRANS 1510 {} 1200 20250701
#TRANS 2610 {} -240 20250701
#TRANS 3055 {} -960 20250701 "Hyresint„kter garage, moms, augusti"
}
#VER "28" "250190" 20250701 "Kundfaktura Lena Borgklint"
{
#TRANS 1510 {} 900 20250701
#TRANS 2610 {} -180 20250701
#TRANS 3055 {} -720 20250701 "Hyresint„kter garage, moms, augusti"
}
#VER "28" "250191" 20250701 "Kundfaktura Glen Wiktorsson"
{
#TRANS 1510 {} 900 20250701
#TRANS 2610 {} -180 20250701
#TRANS 3055 {} -720 20250701 "Hyresint„kter garage, moms, augusti"
}
#VER "28" "250192" 20250701 "Kundfaktura Belal Jalaluddin Baiany"
{
#TRANS 1510 {} 900 20250701
#TRANS 2610 {} -180 20250701
#TRANS 3055 {} -720 20250701 "Hyresint„kter garage, moms, augusti"
}
#VER "28" "250193" 20250701 "Kundfaktura Lars Gunnar Pehrsson"
{
#TRANS 1510 {} 900 20250701
#TRANS 2610 {} -180 20250701
#TRANS 3055 {} -720 20250701 "Hyresint„kter garage, moms, augusti"
}
#VER "28" "250194" 20250701 "Kundfaktura Marcus Aiehof"
{
#TRANS 1510 {} 900 20250701
#TRANS 2610 {} -180 20250701
#TRANS 3055 {} -720 20250701 "Hyresint„kter garage, moms, augusti"
}
#VER "28" "250195" 20250701 "Kundfaktura Goiteom Mikael"
{
#TRANS 1510 {} 928 20250701
#TRANS 2610 {} -186 20250701
#TRANS 3055 {} -720 20250701 "Hyresint„kter garage, moms, augusti"
#TRANS 3540 {} -22 20250701 "Aviseringskostnad"
}
#VER "28" "250196" 20250701 "Kundfaktura Karl Stefan Lindqvist"
{
#TRANS 1510 {} 900 20250701
#TRANS 2610 {} -180 20250701
#TRANS 3055 {} -720 20250701 "Hyresint„kter garage, moms, augusti"
}
#VER "28" "250197" 20250701 "Kundfaktura Malin Ekrelius"
{
#TRANS 1510 {} 900 20250701
#TRANS 2610 {} -180 20250701
#TRANS 3055 {} -720 20250701 "Hyresint„kter garage, moms, augusti"
}
#VER "28" "250198" 20250701 "Kundfaktura Omid Khaledi"
{
#TRANS 1510 {} 928 20250701
#TRANS 2610 {} -186 20250701
#TRANS 3055 {} -720 20250701 "Hyresint„kter garage, moms, augusti"
#TRANS 3540 {} -22 20250701 "Aviseringskostnad"
}
#VER "28" "250199" 20250701 "Kundfaktura Arben Binci"
{
#TRANS 1510 {} 900 20250701
#TRANS 2610 {} -180 20250701
#TRANS 3055 {} -720 20250701 "Hyresint„kter garage, moms, augusti"
}
#VER "28" "250200" 20250701 "Kundfaktura Jamal Ashir"
{
#TRANS 1510 {} 900 20250701
#TRANS 2610 {} -180 20250701
#TRANS 3055 {} -720 20250701 "Hyresint„kter garage, moms, augusti"
}
#VER "28" "250201" 20250701 "Kundfaktura Irene Molander"
{
#TRANS 1510 {} 928 20250701
#TRANS 2610 {} -186 20250701
#TRANS 3055 {} -720 20250701 "Hyresint„kter garage, moms, augusti"
#TRANS 3540 {} -22 20250701 "Aviseringskostnad"
}
#VER "28" "250202" 20250701 "Kundfaktura Erik Bergstr”m"
{
#TRANS 1510 {} 28 20250701
#TRANS 1530 {} 900 20250701 "Tillgodo fr†n avi 776546897"
#TRANS 2610 {} -186 20250701
#TRANS 3055 {} -720 20250701 "Hyresint„kter garage, moms, augusti"
#TRANS 3540 {} -22 20250701 "Aviseringskostnad"
}
#VER "28" "250203" 20250701 "Kundfaktura David Br„nnbacka"
{
#TRANS 1510 {} 900 20250701
#TRANS 2610 {} -180 20250701
#TRANS 3055 {} -720 20250701 "Hyresint„kter garage, moms, augusti"
}
#VER "28" "250204" 20250701 "Kundfaktura Robert Tergenius"
{
#TRANS 1510 {} 1080 20250701
#TRANS 2610 {} -240 20250701
#TRANS 3055 {} -960 20250701 "Hyresint„kter garage, moms, augusti"
#TRANS 6990 {} 120 20250701 "Avdrag felaktigt debiterade p†minnelser"
}
#VER "28" "250205" 20250701 "Kundfaktura Christer Angeldal"
{
#TRANS 1510 {} 1200 20250701
#TRANS 2610 {} -240 20250701
#TRANS 3055 {} -960 20250701 "Hyresint„kter garage, moms, augusti"
}
#VER "28" "250206" 20250701 "Kundfaktura Evin Bider"
{
#TRANS 1510 {} 900 20250701
#TRANS 2610 {} -180 20250701
#TRANS 3055 {} -720 20250701 "Hyresint„kter garage, moms, augusti"
}
#VER "28" "250207" 20250701 "Kundfaktura Sofia Karlsson"
{
#TRANS 1510 {} 928 20250701
#TRANS 2610 {} -186 20250701
#TRANS 3055 {} -720 20250701 "Hyresint„kter garage, moms, augusti"
#TRANS 3540 {} -22 20250701 "Aviseringskostnad"
}
#VER "28" "250208" 20250701 "Kundfaktura Joel Holmgren"
{
#TRANS 1510 {} 900 20250701
#TRANS 2610 {} -180 20250701
#TRANS 3055 {} -720 20250701 "Hyresint„kter garage, moms, augusti"
}
#VER "28" "250209" 20250701 "Kundfaktura Nahed Alwani"
{
#TRANS 1510 {} 900 20250701
#TRANS 2610 {} -180 20250701
#TRANS 3055 {} -720 20250701 "Hyresint„kter garage, moms, augusti"
}
#VER "28" "250210" 20250701 "Kundfaktura Lars Eriksson"
{
#TRANS 1510 {} 900 20250701
#TRANS 2610 {} -180 20250701
#TRANS 3055 {} -720 20250701 "Hyresint„kter garage, moms, augusti"
}
#VER "28" "250211" 20250701 "Kundfaktura Magnus Ramberg"
{
#TRANS 1510 {} 900 20250701
#TRANS 2610 {} -180 20250701
#TRANS 3055 {} -720 20250701 "Hyresint„kter garage, moms, augusti"
}
#VER "28" "250212" 20250701 "Kundfaktura Einar Selbyg"
{
#TRANS 1510 {} 900 20250701
#TRANS 2610 {} -180 20250701
#TRANS 3055 {} -720 20250701 "Hyresint„kter garage, moms, augusti"
}
#VER "28" "250213" 20250701 "Kundfaktura Mona Eriksson"
{
#TRANS 1510 {} 900 20250701
#TRANS 2610 {} -180 20250701
#TRANS 3055 {} -720 20250701 "Hyresint„kter garage, moms, augusti"
}
#VER "28" "250214" 20250701 "Kundfaktura Boris Ivanic"
{
#TRANS 1510 {} 900 20250701
#TRANS 2610 {} -180 20250701
#TRANS 3055 {} -720 20250701 "Hyresint„kter garage, moms, augusti"
}
#VER "28" "250215" 20250701 "Kundfaktura Majd Mirza"
{
#TRANS 1510 {} 1228 20250701
#TRANS 2610 {} -246 20250701
#TRANS 3055 {} -960 20250701 "Hyresint„kter garage, moms, augusti"
#TRANS 3540 {} -22 20250701 "Aviseringskostnad"
}
#VER "28" "250216" 20250701 "Kundfaktura Kenth Mats Artur Lindgren"
{
#TRANS 1510 {} 900 20250701
#TRANS 2610 {} -180 20250701
#TRANS 3055 {} -720 20250701 "Hyresint„kter garage, moms, augusti"
}
#VER "28" "250217" 20250701 "Kundfaktura Sebastian J”rts”"
{
#TRANS 1510 {} 928 20250701
#TRANS 2610 {} -186 20250701
#TRANS 3055 {} -720 20250701 "Hyresint„kter garage, moms, augusti"
#TRANS 3540 {} -22 20250701 "Aviseringskostnad"
}
#VER "28" "250218" 20250701 "Kundfaktura Joakim Severinsson"
{
#TRANS 1510 {} 322 20250701
#TRANS 2610 {} -60 20250701
#TRANS 3055 {} -240 20250701 "Hyresint„kter garage, moms, augusti"
#TRANS 3541 {} -22 20250701 "Aviseringskostnad"
}
#VER "28" "250219" 20250701 "Kundfaktura Karin Stenberg"
{
#TRANS 1510 {} 322 20250701
#TRANS 2610 {} -60 20250701
#TRANS 3055 {} -240 20250701 "Hyresint„kter garage, moms, augusti"
#TRANS 3541 {} -22 20250701 "Aviseringskostnad"
}
#VER "28" "250220" 20250731 "Kundfaktura Karl Stefan Lindqvist"
{
#TRANS 1510 {} -28 20250731
#TRANS 2610 {} 6 20250731
#TRANS 3540 {} 22 20250731 "Aviseringskostnad"
}
#VER "28" "250221" 20250806 "Kundfaktura Alexandra Balanescu"
{
#TRANS 1510 {} 928 20250806
#TRANS 2610 {} -186 20250806
#TRANS 3055 {} -720 20250806 "Hyresint„kter garage, moms, september"
#TRANS 3540 {} -22 20250806 "Aviseringskostnad"
}
#VER "28" "250222" 20250806 "Kundfaktura Yad Kakamin"
{
#TRANS 1510 {} 1650 20250806
#TRANS 2610 {} -330 20250806
#TRANS 3055 {} -720 20250806 "Hyresint„kter garage, moms, september"
#TRANS 3055 {} -600 20250806 "Garagehyra, moms retroaktiv period 250805 till och med 250831"
}
#VER "28" "250223" 20250806 "Kundfaktura Christer Andersson"
{
#TRANS 1510 {} 900 20250806
#TRANS 2610 {} -180 20250806
#TRANS 3055 {} -720 20250806 "Hyresint„kter garage, moms, september"
}
#VER "28" "250224" 20250806 "Kundfaktura Axel Kronkvist"
{
#TRANS 1510 {} 928 20250806
#TRANS 2610 {} -186 20250806
#TRANS 3055 {} -720 20250806 "Hyresint„kter garage, moms, september"
#TRANS 3540 {} -22 20250806 "Aviseringskostnad"
}
#VER "28" "250225" 20250806 "Kundfaktura Veronica Anna Maria Abrahamsson"
{
#TRANS 1510 {} 900 20250806
#TRANS 2610 {} -180 20250806
#TRANS 3055 {} -720 20250806 "Hyresint„kter garage, moms, september"
}
#VER "28" "250226" 20250806 "Kundfaktura Adil Demir"
{
#TRANS 1510 {} 928 20250806
#TRANS 2610 {} -186 20250806
#TRANS 3055 {} -720 20250806 "Hyresint„kter garage, moms, september"
#TRANS 3540 {} -22 20250806 "Aviseringskostnad"
}
#VER "28" "250227" 20250806 "Kundfaktura Joakim Severinsson"
{
#TRANS 1510 {} 900 20250806
#TRANS 2610 {} -180 20250806
#TRANS 3055 {} -720 20250806 "Hyresint„kter garage, moms, september"
}
#VER "28" "250228" 20250806 "Kundfaktura Linda Bergman"
{
#TRANS 1510 {} 900 20250806
#TRANS 2610 {} -180 20250806
#TRANS 3055 {} -720 20250806 "Hyresint„kter garage, moms, september"
}
#VER "28" "250229" 20250806 "Kundfaktura Mats Aspholm"
{
#TRANS 1510 {} 900 20250806
#TRANS 2610 {} -180 20250806
#TRANS 3055 {} -720 20250806 "Hyresint„kter garage, moms, september"
}
#VER "28" "250230" 20250806 "Kundfaktura Narmin Faile"
{
#TRANS 1510 {} 900 20250806
#TRANS 2610 {} -180 20250806
#TRANS 3055 {} -720 20250806 "Hyresint„kter garage, moms, september"
}
#VER "28" "250231" 20250806 "Kundfaktura Ana Gianina Corts Lopez"
{
#TRANS 1510 {} 928 20250806
#TRANS 2610 {} -186 20250806
#TRANS 3055 {} -720 20250806 "Hyresint„kter garage, moms, september"
#TRANS 3540 {} -22 20250806 "Aviseringskostnad"
}
#VER "28" "250232" 20250806 "Kundfaktura Malin Bj”rnstad"
{
#TRANS 1510 {} 928 20250806
#TRANS 2610 {} -186 20250806
#TRANS 3055 {} -720 20250806 "Hyresint„kter garage, moms, september"
#TRANS 3540 {} -22 20250806 "Aviseringskostnad"
}
#VER "28" "250233" 20250806 "Kundfaktura Jalel Kadar Safar"
{
#TRANS 1510 {} 900 20250806
#TRANS 2610 {} -180 20250806
#TRANS 3055 {} -720 20250806 "Hyresint„kter garage, moms, september"
}
#VER "28" "250234" 20250806 "Kundfaktura Shirwan Karam"
{
#TRANS 1510 {} 1650 20250806
#TRANS 2610 {} -330 20250806
#TRANS 3055 {} -720 20250806 "Hyresint„kter garage, moms, september"
#TRANS 3055 {} -600 20250806 "Garagehyra, moms retroaktiv period 250805 till och med 250831"
}
#VER "28" "250235" 20250806 "Kundfaktura Martin Ohlstr”m"
{
#TRANS 1510 {} 1200 20250806
#TRANS 2610 {} -240 20250806
#TRANS 3055 {} -960 20250806 "Hyresint„kter garage, moms, september"
}
#VER "28" "250236" 20250806 "Kundfaktura Lena Borgklint"
{
#TRANS 1510 {} 900 20250806
#TRANS 2610 {} -180 20250806
#TRANS 3055 {} -720 20250806 "Hyresint„kter garage, moms, september"
}
#VER "28" "250237" 20250806 "Kundfaktura Glen Wiktorsson"
{
#TRANS 1510 {} 900 20250806
#TRANS 2610 {} -180 20250806
#TRANS 3055 {} -720 20250806 "Hyresint„kter garage, moms, september"
}
#VER "28" "250238" 20250806 "Kundfaktura Belal Jalaluddin Baiany"
{
#TRANS 1510 {} 900 20250806
#TRANS 2610 {} -180 20250806
#TRANS 3055 {} -720 20250806 "Hyresint„kter garage, moms, september"
}
#VER "28" "250239" 20250806 "Kundfaktura Lars Gunnar Pehrsson"
{
#TRANS 1510 {} 900 20250806
#TRANS 2610 {} -180 20250806
#TRANS 3055 {} -720 20250806 "Hyresint„kter garage, moms, september"
}
#VER "28" "250240" 20250806 "Kundfaktura Marcus Aiehof"
{
#TRANS 1510 {} 900 20250806
#TRANS 2610 {} -180 20250806
#TRANS 3055 {} -720 20250806 "Hyresint„kter garage, moms, september"
}
#VER "28" "250241" 20250806 "Kundfaktura Goiteom Mikael"
{
#TRANS 1510 {} 928 20250806
#TRANS 2610 {} -186 20250806
#TRANS 3055 {} -720 20250806 "Hyresint„kter garage, moms, september"
#TRANS 3540 {} -22 20250806 "Aviseringskostnad"
}
#VER "28" "250242" 20250806 "Kundfaktura Karl Stefan Lindqvist"
{
#TRANS 1510 {} 900 20250806
#TRANS 2610 {} -180 20250806
#TRANS 3055 {} -720 20250806 "Hyresint„kter garage, moms, september"
}
#VER "28" "250243" 20250806 "Kundfaktura Malin Ekrelius"
{
#TRANS 1510 {} 900 20250806
#TRANS 2610 {} -180 20250806
#TRANS 3055 {} -720 20250806 "Hyresint„kter garage, moms, september"
}
#VER "28" "250244" 20250806 "Kundfaktura Omid Khaledi"
{
#TRANS 1510 {} 928 20250806
#TRANS 2610 {} -186 20250806
#TRANS 3055 {} -720 20250806 "Hyresint„kter garage, moms, september"
#TRANS 3540 {} -22 20250806 "Aviseringskostnad"
}
#VER "28" "250245" 20250806 "Kundfaktura Arben Binci"
{
#TRANS 1510 {} 900 20250806
#TRANS 2610 {} -180 20250806
#TRANS 3055 {} -720 20250806 "Hyresint„kter garage, moms, september"
}
#VER "28" "250246" 20250806 "Kundfaktura Jamal Ashir"
{
#TRANS 1510 {} 900 20250806
#TRANS 2610 {} -180 20250806
#TRANS 3055 {} -720 20250806 "Hyresint„kter garage, moms, september"
}
#VER "28" "250247" 20250806 "Kundfaktura Irene Molander"
{
#TRANS 1510 {} 928 20250806
#TRANS 2610 {} -186 20250806
#TRANS 3055 {} -720 20250806 "Hyresint„kter garage, moms, september"
#TRANS 3540 {} -22 20250806 "Aviseringskostnad"
}
#VER "28" "250248" 20250806 "Kundfaktura Erik Bergstr”m"
{
#TRANS 1510 {} 928 20250806
#TRANS 2610 {} -186 20250806
#TRANS 3055 {} -720 20250806 "Hyresint„kter garage, moms, september"
#TRANS 3540 {} -22 20250806 "Aviseringskostnad"
}
#VER "28" "250249" 20250806 "Kundfaktura David Br„nnbacka"
{
#TRANS 1510 {} 900 20250806
#TRANS 2610 {} -180 20250806
#TRANS 3055 {} -720 20250806 "Hyresint„kter garage, moms, september"
}
#VER "28" "250250" 20250806 "Kundfaktura Robert Tergenius"
{
#TRANS 1510 {} 1200 20250806
#TRANS 2610 {} -240 20250806
#TRANS 3055 {} -960 20250806 "Hyresint„kter garage, moms, september"
}
#VER "28" "250251" 20250806 "Kundfaktura Christer Angeldal"
{
#TRANS 1510 {} 1200 20250806
#TRANS 2610 {} -240 20250806
#TRANS 3055 {} -960 20250806 "Hyresint„kter garage, moms, september"
}
#VER "28" "250252" 20250806 "Kundfaktura Evin Bider"
{
#TRANS 1510 {} 900 20250806
#TRANS 2610 {} -180 20250806
#TRANS 3055 {} -720 20250806 "Hyresint„kter garage, moms, september"
}
#VER "28" "250253" 20250806 "Kundfaktura Sofia Karlsson"
{
#TRANS 1510 {} 928 20250806
#TRANS 2610 {} -186 20250806
#TRANS 3055 {} -720 20250806 "Hyresint„kter garage, moms, september"
#TRANS 3540 {} -22 20250806 "Aviseringskostnad"
}
#VER "28" "250254" 20250806 "Kundfaktura Joel Holmgren"
{
#TRANS 1510 {} 900 20250806
#TRANS 2610 {} -180 20250806
#TRANS 3055 {} -720 20250806 "Hyresint„kter garage, moms, september"
}
#VER "28" "250255" 20250806 "Kundfaktura Nahed Alwani"
{
#TRANS 1510 {} 900 20250806
#TRANS 2610 {} -180 20250806
#TRANS 3055 {} -720 20250806 "Hyresint„kter garage, moms, september"
}
#VER "28" "250256" 20250806 "Kundfaktura Lars Eriksson"
{
#TRANS 1510 {} 900 20250806
#TRANS 2610 {} -180 20250806
#TRANS 3055 {} -720 20250806 "Hyresint„kter garage, moms, september"
}
#VER "28" "250257" 20250806 "Kundfaktura Magnus Ramberg"
{
#TRANS 1510 {} 900 20250806
#TRANS 2610 {} -180 20250806
#TRANS 3055 {} -720 20250806 "Hyresint„kter garage, moms, september"
}
#VER "28" "250258" 20250806 "Kundfaktura Einar Selbyg"
{
#TRANS 1510 {} 900 20250806
#TRANS 2610 {} -180 20250806
#TRANS 3055 {} -720 20250806 "Hyresint„kter garage, moms, september"
}
#VER "28" "250259" 20250806 "Kundfaktura Mona Eriksson"
{
#TRANS 1510 {} 900 20250806
#TRANS 2610 {} -180 20250806
#TRANS 3055 {} -720 20250806 "Hyresint„kter garage, moms, september"
}
#VER "28" "250260" 20250806 "Kundfaktura Boris Ivanic"
{
#TRANS 1510 {} 900 20250806
#TRANS 2610 {} -180 20250806
#TRANS 3055 {} -720 20250806 "Hyresint„kter garage, moms, september"
}
#VER "28" "250261" 20250806 "Kundfaktura Majd Mirza"
{
#TRANS 1510 {} 1228 20250806
#TRANS 2610 {} -246 20250806
#TRANS 3055 {} -960 20250806 "Hyresint„kter garage, moms, september"
#TRANS 3540 {} -22 20250806 "Aviseringskostnad"
}
#VER "28" "250262" 20250806 "Kundfaktura Kenth Mats Artur Lindgren"
{
#TRANS 1510 {} 900 20250806
#TRANS 2610 {} -180 20250806
#TRANS 3055 {} -720 20250806 "Hyresint„kter garage, moms, september"
}
#VER "28" "250263" 20250806 "Kundfaktura Sebastian J”rts”"
{
#TRANS 1510 {} 928 20250806
#TRANS 2610 {} -186 20250806
#TRANS 3055 {} -720 20250806 "Hyresint„kter garage, moms, september"
#TRANS 3540 {} -22 20250806 "Aviseringskostnad"
}
#VER "28" "250264" 20250806 "Kundfaktura Joakim Severinsson"
{
#TRANS 1510 {} 322 20250806
#TRANS 2610 {} -60 20250806
#TRANS 3055 {} -240 20250806 "Hyresint„kter garage, moms, september"
#TRANS 3541 {} -22 20250806 "Aviseringskostnad"
}
#VER "28" "250265" 20250806 "Kundfaktura Karin Stenberg"
{
#TRANS 1510 {} 322 20250806
#TRANS 2610 {} -60 20250806
#TRANS 3055 {} -240 20250806 "Hyresint„kter garage, moms, september"
#TRANS 3541 {} -22 20250806 "Aviseringskostnad"
}
#VER "28" "250266" 20250904 "Kundfaktura Mojgan Alimadad"
{
#TRANS 1510 {} 1916 20250904
#TRANS 2610 {} -383 20250904
#TRANS 3055 {} -720 20250904 "Hyresint„kter garage, moms, oktober"
#TRANS 3055 {} -720 20250904 "Retroaktiv garagehyra September"
#TRANS 3055 {} -93 20250904 "Retroaktiv garagehyra 20250828-20250831"
}
#VER "28" "250267" 20250904 "Kundfaktura Alexandra Balanescu"
{
#TRANS 1510 {} 928 20250904
#TRANS 2610 {} -186 20250904
#TRANS 3055 {} -720 20250904 "Hyresint„kter garage, moms, oktober"
#TRANS 3540 {} -22 20250904 "Aviseringskostnad"
}
#VER "28" "250268" 20250904 "Kundfaktura Yad Kakamin"
{
#TRANS 1510 {} 900 20250904
#TRANS 2610 {} -180 20250904
#TRANS 3055 {} -720 20250904 "Hyresint„kter garage, moms, oktober"
}
#VER "28" "250269" 20250904 "Kundfaktura Christer Andersson"
{
#TRANS 1510 {} 900 20250904
#TRANS 2610 {} -180 20250904
#TRANS 3055 {} -720 20250904 "Hyresint„kter garage, moms, oktober"
}
#VER "28" "250270" 20250904 "Kundfaktura Axel Kronkvist"
{
#TRANS 1510 {} 928 20250904
#TRANS 2610 {} -186 20250904
#TRANS 3055 {} -720 20250904 "Hyresint„kter garage, moms, oktober"
#TRANS 3540 {} -22 20250904 "Aviseringskostnad"
}
#VER "28" "250271" 20250904 "Kundfaktura Veronica Anna Maria Abrahamsson"
{
#TRANS 1510 {} 900 20250904
#TRANS 2610 {} -180 20250904
#TRANS 3055 {} -720 20250904 "Hyresint„kter garage, moms, oktober"
}
#VER "28" "250272" 20250904 "Kundfaktura Adil Demir"
{
#TRANS 1510 {} 928 20250904
#TRANS 2610 {} -186 20250904
#TRANS 3055 {} -720 20250904 "Hyresint„kter garage, moms, oktober"
#TRANS 3540 {} -22 20250904 "Aviseringskostnad"
}
#VER "28" "250273" 20250904 "Kundfaktura Joakim Severinsson"
{
#TRANS 1510 {} 900 20250904
#TRANS 2610 {} -180 20250904
#TRANS 3055 {} -720 20250904 "Hyresint„kter garage, moms, oktober"
}
#VER "28" "250274" 20250904 "Kundfaktura Linda Bergman"
{
#TRANS 1510 {} 900 20250904
#TRANS 2610 {} -180 20250904
#TRANS 3055 {} -720 20250904 "Hyresint„kter garage, moms, oktober"
}
#VER "28" "250275" 20250904 "Kundfaktura Mats Aspholm"
{
#TRANS 1510 {} 900 20250904
#TRANS 2610 {} -180 20250904
#TRANS 3055 {} -720 20250904 "Hyresint„kter garage, moms, oktober"
}
#VER "28" "250276" 20250904 "Kundfaktura Narmin Faile"
{
#TRANS 1510 {} 900 20250904
#TRANS 2610 {} -180 20250904
#TRANS 3055 {} -720 20250904 "Hyresint„kter garage, moms, oktober"
}
#VER "28" "250277" 20250904 "Kundfaktura Ana Gianina Corts Lopez"
{
#TRANS 1510 {} 928 20250904
#TRANS 2610 {} -186 20250904
#TRANS 3055 {} -720 20250904 "Hyresint„kter garage, moms, oktober"
#TRANS 3540 {} -22 20250904 "Aviseringskostnad"
}
#VER "28" "250278" 20250904 "Kundfaktura Malin Bj”rnstad"
{
#TRANS 1510 {} 928 20250904
#TRANS 2610 {} -186 20250904
#TRANS 3055 {} -720 20250904 "Hyresint„kter garage, moms, oktober"
#TRANS 3540 {} -22 20250904 "Aviseringskostnad"
}
#VER "28" "250279" 20250904 "Kundfaktura Jalel Kadar Safar"
{
#TRANS 1510 {} 900 20250904
#TRANS 2610 {} -180 20250904
#TRANS 3055 {} -720 20250904 "Hyresint„kter garage, moms, oktober"
}
#VER "28" "250280" 20250904 "Kundfaktura Shirwan Karam"
{
#TRANS 1510 {} 900 20250904
#TRANS 2610 {} -180 20250904
#TRANS 3055 {} -720 20250904 "Hyresint„kter garage, moms, oktober"
}
#VER "28" "250281" 20250904 "Kundfaktura Martin Ohlstr”m"
{
#TRANS 1510 {} 1200 20250904
#TRANS 2610 {} -240 20250904
#TRANS 3055 {} -960 20250904 "Hyresint„kter garage, moms, oktober"
}
#VER "28" "250282" 20250904 "Kundfaktura Lena Borgklint"
{
#TRANS 1510 {} 900 20250904
#TRANS 2610 {} -180 20250904
#TRANS 3055 {} -720 20250904 "Hyresint„kter garage, moms, oktober"
}
#VER "28" "250283" 20250904 "Kundfaktura Glen Wiktorsson"
{
#TRANS 1510 {} 900 20250904
#TRANS 2610 {} -180 20250904
#TRANS 3055 {} -720 20250904 "Hyresint„kter garage, moms, oktober"
}
#VER "28" "250284" 20250904 "Kundfaktura Belal Jalaluddin Baiany"
{
#TRANS 1510 {} 900 20250904
#TRANS 2610 {} -180 20250904
#TRANS 3055 {} -720 20250904 "Hyresint„kter garage, moms, oktober"
}
#VER "28" "250285" 20250904 "Kundfaktura Lars Gunnar Pehrsson"
{
#TRANS 1510 {} 900 20250904
#TRANS 2610 {} -180 20250904
#TRANS 3055 {} -720 20250904 "Hyresint„kter garage, moms, oktober"
}
#VER "28" "250286" 20250904 "Kundfaktura Marcus Aiehof"
{
#TRANS 1510 {} 900 20250904
#TRANS 2610 {} -180 20250904
#TRANS 3055 {} -720 20250904 "Hyresint„kter garage, moms, oktober"
}
#VER "28" "250287" 20250904 "Kundfaktura Goiteom Mikael"
{
#TRANS 1510 {} 928 20250904
#TRANS 2610 {} -186 20250904
#TRANS 3055 {} -720 20250904 "Hyresint„kter garage, moms, oktober"
#TRANS 3540 {} -22 20250904 "Aviseringskostnad"
}
#VER "28" "250288" 20250904 "Kundfaktura Karl Stefan Lindqvist"
{
#TRANS 1510 {} 900 20250904
#TRANS 2610 {} -180 20250904
#TRANS 3055 {} -720 20250904 "Hyresint„kter garage, moms, oktober"
}
#VER "28" "250289" 20250904 "Kundfaktura Malin Ekrelius"
{
#TRANS 1510 {} 900 20250904
#TRANS 2610 {} -180 20250904
#TRANS 3055 {} -720 20250904 "Hyresint„kter garage, moms, oktober"
}
#VER "28" "250290" 20250904 "Kundfaktura Omid Khaledi"
{
#TRANS 1510 {} 928 20250904
#TRANS 2610 {} -186 20250904
#TRANS 3055 {} -720 20250904 "Hyresint„kter garage, moms, oktober"
#TRANS 3540 {} -22 20250904 "Aviseringskostnad"
}
#VER "28" "250291" 20250904 "Kundfaktura Arben Binci"
{
#TRANS 1510 {} 1374 20250904
#TRANS 2610 {} -275 20250904
#TRANS 3055 {} -720 20250904 "Hyresint„kter garage, moms, oktober"
#TRANS 3124 {} -379 20250904 "Laddf”rbrukning 20250601-20250731"
}
#VER "28" "250292" 20250904 "Kundfaktura Jamal Ashir"
{
#TRANS 1510 {} 900 20250904
#TRANS 2610 {} -180 20250904
#TRANS 3055 {} -720 20250904 "Hyresint„kter garage, moms, oktober"
}
#VER "28" "250293" 20250904 "Kundfaktura Irene Molander"
{
#TRANS 1510 {} 928 20250904
#TRANS 2610 {} -186 20250904
#TRANS 3055 {} -720 20250904 "Hyresint„kter garage, moms, oktober"
#TRANS 3540 {} -22 20250904 "Aviseringskostnad"
}
#VER "28" "250294" 20250904 "Kundfaktura Erik Bergstr”m"
{
#TRANS 1510 {} 928 20250904
#TRANS 2610 {} -186 20250904
#TRANS 3055 {} -720 20250904 "Hyresint„kter garage, moms, oktober"
#TRANS 3540 {} -22 20250904 "Aviseringskostnad"
}
#VER "28" "250295" 20250904 "Kundfaktura David Br„nnbacka"
{
#TRANS 1510 {} 900 20250904
#TRANS 2610 {} -180 20250904
#TRANS 3055 {} -720 20250904 "Hyresint„kter garage, moms, oktober"
}
#VER "28" "250296" 20250904 "Kundfaktura Robert Tergenius"
{
#TRANS 1510 {} 1200 20250904
#TRANS 2610 {} -240 20250904
#TRANS 3055 {} -960 20250904 "Hyresint„kter garage, moms, oktober"
}
#VER "28" "250297" 20250904 "Kundfaktura Christer Angeldal"
{
#TRANS 1510 {} 1200 20250904
#TRANS 2610 {} -240 20250904
#TRANS 3055 {} -960 20250904 "Hyresint„kter garage, moms, oktober"
}
#VER "28" "250298" 20250904 "Kundfaktura Evin Bider"
{
#TRANS 1510 {} 900 20250904
#TRANS 2610 {} -180 20250904
#TRANS 3055 {} -720 20250904 "Hyresint„kter garage, moms, oktober"
}
#VER "28" "250299" 20250904 "Kundfaktura Sofia Karlsson"
{
#TRANS 1510 {} 928 20250904
#TRANS 2610 {} -186 20250904
#TRANS 3055 {} -720 20250904 "Hyresint„kter garage, moms, oktober"
#TRANS 3540 {} -22 20250904 "Aviseringskostnad"
}
#VER "28" "250300" 20250904 "Kundfaktura Joel Holmgren"
{
#TRANS 1510 {} 900 20250904
#TRANS 2610 {} -180 20250904
#TRANS 3055 {} -720 20250904 "Hyresint„kter garage, moms, oktober"
}
#VER "28" "250301" 20250904 "Kundfaktura Nahed Alwani"
{
#TRANS 1510 {} 900 20250904
#TRANS 2610 {} -180 20250904
#TRANS 3055 {} -720 20250904 "Hyresint„kter garage, moms, oktober"
}
#VER "28" "250302" 20250904 "Kundfaktura Lars Eriksson"
{
#TRANS 1510 {} 900 20250904
#TRANS 2610 {} -180 20250904
#TRANS 3055 {} -720 20250904 "Hyresint„kter garage, moms, oktober"
}
#VER "28" "250303" 20250904 "Kundfaktura Magnus Ramberg"
{
#TRANS 1510 {} 1425 20250904
#TRANS 2610 {} -285 20250904
#TRANS 3055 {} -720 20250904 "Hyresint„kter garage, moms, oktober"
#TRANS 3124 {} -420 20250904 "Laddf”rbrukning 20250601-20250731"
}
#VER "28" "250304" 20250904 "Kundfaktura Einar Selbyg"
{
#TRANS 1510 {} 900 20250904
#TRANS 2610 {} -180 20250904
#TRANS 3055 {} -720 20250904 "Hyresint„kter garage, moms, oktober"
}
#VER "28" "250305" 20250904 "Kundfaktura Mona Eriksson"
{
#TRANS 1510 {} 900 20250904
#TRANS 2610 {} -180 20250904
#TRANS 3055 {} -720 20250904 "Hyresint„kter garage, moms, oktober"
}
#VER "28" "250306" 20250904 "Kundfaktura Boris Ivanic"
{
#TRANS 1510 {} 1768 20250904
#TRANS 2610 {} -354 20250904
#TRANS 3055 {} -720 20250904 "Hyresint„kter garage, moms, oktober"
#TRANS 3124 {} -694 20250904 "Laddf”rbrukning 20250601-20250731"
}
#VER "28" "250307" 20250904 "Kundfaktura Majd Mirza"
{
#TRANS 1510 {} 2199 20250904
#TRANS 2610 {} -440 20250904
#TRANS 3055 {} -960 20250904 "Hyresint„kter garage, moms, oktober"
#TRANS 3124 {} -777 20250904 "Laddf”rbrukning 20250601-20250731"
#TRANS 3540 {} -22 20250904 "Aviseringskostnad"
}
#VER "28" "250308" 20250904 "Kundfaktura Kenth Mats Artur Lindgren"
{
#TRANS 1510 {} 2183 20250904
#TRANS 2610 {} -437 20250904
#TRANS 3055 {} -720 20250904 "Hyresint„kter garage, moms, oktober"
#TRANS 3124 {} -1026 20250904 "Laddf”rbrukning 20250601-20250731"
}
#VER "28" "250309" 20250904 "Kundfaktura Sebastian J”rts”"
{
#TRANS 1510 {} 928 20250904
#TRANS 2610 {} -186 20250904
#TRANS 3055 {} -720 20250904 "Hyresint„kter garage, moms, oktober"
#TRANS 3540 {} -22 20250904 "Aviseringskostnad"
}
#VER "28" "250310" 20250904 "Kundfaktura Karin Stenberg"
{
#TRANS 1510 {} 322 20250904
#TRANS 2610 {} -60 20250904
#TRANS 3055 {} -240 20250904 "Hyresint„kter garage, moms, oktober"
#TRANS 3541 {} -22 20250904 "Aviseringskostnad"
}
#VER "28" "250311" 20250904 "Kundfaktura Joakim Severinsson"
{
#TRANS 1510 {} 300 20250904
#TRANS 2610 {} -60 20250904
#TRANS 3055 {} -240 20250904 "Hyresint„kter garage, moms, oktober"
}
#VER "28" "250312" 20251007 "Kundfaktura Mojgan Alimadad"
{
#TRANS 1510 {} 928 20251007
#TRANS 2610 {} -186 20251007
#TRANS 3055 {} -720 20251007 "Hyresint„kter garage, moms, november"
#TRANS 3540 {} -22 20251007 "Aviseringskostnad"
}
#VER "28" "250313" 20251007 "Kundfaktura Alexandra Balanescu"
{
#TRANS 1510 {} 928 20251007
#TRANS 2610 {} -186 20251007
#TRANS 3055 {} -720 20251007 "Hyresint„kter garage, moms, november"
#TRANS 3540 {} -22 20251007 "Aviseringskostnad"
}
#VER "28" "250314" 20251007 "Kundfaktura Yad Kakamin"
{
#TRANS 1510 {} 900 20251007
#TRANS 2610 {} -180 20251007
#TRANS 3055 {} -720 20251007 "Hyresint„kter garage, moms, november"
}
#VER "28" "250315" 20251007 "Kundfaktura Christer Andersson"
{
#TRANS 1510 {} 900 20251007
#TRANS 2610 {} -180 20251007
#TRANS 3055 {} -720 20251007 "Hyresint„kter garage, moms, november"
}
#VER "28" "250316" 20251007 "Kundfaktura Axel Kronkvist"
{
#TRANS 1510 {} 928 20251007
#TRANS 2610 {} -186 20251007
#TRANS 3055 {} -720 20251007 "Hyresint„kter garage, moms, november"
#TRANS 3540 {} -22 20251007 "Aviseringskostnad"
}
#VER "28" "250317" 20251007 "Kundfaktura Veronica Anna Maria Abrahamsson"
{
#TRANS 1510 {} 847 20251007
#TRANS 1530 {} 53 20251007 "Tillgodo fr†n avi 841817794"
#TRANS 2610 {} -180 20251007
#TRANS 3055 {} -720 20251007 "Hyresint„kter garage, moms, november"
}
#VER "28" "250318" 20251007 "Kundfaktura Adil Demir"
{
#TRANS 1510 {} 928 20251007
#TRANS 2610 {} -186 20251007
#TRANS 3055 {} -720 20251007 "Hyresint„kter garage, moms, november"
#TRANS 3540 {} -22 20251007 "Aviseringskostnad"
}
#VER "28" "250319" 20251007 "Kundfaktura Joakim Severinsson"
{
#TRANS 1510 {} 900 20251007
#TRANS 2610 {} -180 20251007
#TRANS 3055 {} -720 20251007 "Hyresint„kter garage, moms, november"
}
#VER "28" "250320" 20251007 "Kundfaktura Linda Bergman"
{
#TRANS 1510 {} 900 20251007
#TRANS 2610 {} -180 20251007
#TRANS 3055 {} -720 20251007 "Hyresint„kter garage, moms, november"
}
#VER "28" "250321" 20251007 "Kundfaktura Mats Aspholm"
{
#TRANS 1510 {} 900 20251007
#TRANS 2610 {} -180 20251007
#TRANS 3055 {} -720 20251007 "Hyresint„kter garage, moms, november"
}
#VER "28" "250322" 20251007 "Kundfaktura Narmin Faile"
{
#TRANS 1510 {} 900 20251007
#TRANS 2610 {} -180 20251007
#TRANS 3055 {} -720 20251007 "Hyresint„kter garage, moms, november"
}
#VER "28" "250323" 20251007 "Kundfaktura Ana Gianina Corts Lopez"
{
#TRANS 1510 {} 928 20251007
#TRANS 2610 {} -186 20251007
#TRANS 3055 {} -720 20251007 "Hyresint„kter garage, moms, november"
#TRANS 3540 {} -22 20251007 "Aviseringskostnad"
}
#VER "28" "250324" 20251007 "Kundfaktura Malin Bj”rnstad"
{
#TRANS 1510 {} 928 20251007
#TRANS 2610 {} -186 20251007
#TRANS 3055 {} -720 20251007 "Hyresint„kter garage, moms, november"
#TRANS 3540 {} -22 20251007 "Aviseringskostnad"
}
#VER "28" "250325" 20251007 "Kundfaktura Jalel Kadar Safar"
{
#TRANS 1510 {} 900 20251007
#TRANS 2610 {} -180 20251007
#TRANS 3055 {} -720 20251007 "Hyresint„kter garage, moms, november"
}
#VER "28" "250326" 20251007 "Kundfaktura Shirwan Karam"
{
#TRANS 1510 {} 900 20251007
#TRANS 2610 {} -180 20251007
#TRANS 3055 {} -720 20251007 "Hyresint„kter garage, moms, november"
}
#VER "28" "250327" 20251007 "Kundfaktura Martin Ohlstr”m"
{
#TRANS 1510 {} 1200 20251007
#TRANS 2610 {} -240 20251007
#TRANS 3055 {} -960 20251007 "Hyresint„kter garage, moms, november"
}
#VER "28" "250328" 20251007 "Kundfaktura Lena Borgklint"
{
#TRANS 1510 {} 900 20251007
#TRANS 2610 {} -180 20251007
#TRANS 3055 {} -720 20251007 "Hyresint„kter garage, moms, november"
}
#VER "28" "250329" 20251007 "Kundfaktura Glen Wiktorsson"
{
#TRANS 1510 {} 900 20251007
#TRANS 2610 {} -180 20251007
#TRANS 3055 {} -720 20251007 "Hyresint„kter garage, moms, november"
}
#VER "28" "250330" 20251007 "Kundfaktura Belal Jalaluddin Baiany"
{
#TRANS 1510 {} 900 20251007
#TRANS 2610 {} -180 20251007
#TRANS 3055 {} -720 20251007 "Hyresint„kter garage, moms, november"
}
#VER "28" "250331" 20251007 "Kundfaktura Lars Gunnar Pehrsson"
{
#TRANS 1510 {} 900 20251007
#TRANS 2610 {} -180 20251007
#TRANS 3055 {} -720 20251007 "Hyresint„kter garage, moms, november"
}
#VER "28" "250332" 20251007 "Kundfaktura Marcus Aiehof"
{
#TRANS 1510 {} 900 20251007
#TRANS 2610 {} -180 20251007
#TRANS 3055 {} -720 20251007 "Hyresint„kter garage, moms, november"
}
#VER "28" "250333" 20251007 "Kundfaktura Goiteom Mikael"
{
#TRANS 1510 {} 928 20251007
#TRANS 2610 {} -186 20251007
#TRANS 3055 {} -720 20251007 "Hyresint„kter garage, moms, november"
#TRANS 3540 {} -22 20251007 "Aviseringskostnad"
}
#VER "28" "250334" 20251007 "Kundfaktura Karl Stefan Lindqvist"
{
#TRANS 1510 {} 900 20251007
#TRANS 2610 {} -180 20251007
#TRANS 3055 {} -720 20251007 "Hyresint„kter garage, moms, november"
}
#VER "28" "250335" 20251007 "Kundfaktura Malin Ekrelius"
{
#TRANS 1510 {} 900 20251007
#TRANS 2610 {} -180 20251007
#TRANS 3055 {} -720 20251007 "Hyresint„kter garage, moms, november"
}
#VER "28" "250336" 20251007 "Kundfaktura Omid Khaledi"
{
#TRANS 1510 {} 928 20251007
#TRANS 2610 {} -186 20251007
#TRANS 3055 {} -720 20251007 "Hyresint„kter garage, moms, november"
#TRANS 3540 {} -22 20251007 "Aviseringskostnad"
}
#VER "28" "250337" 20251007 "Kundfaktura Arben Binci"
{
#TRANS 1510 {} 900 20251007
#TRANS 2610 {} -180 20251007
#TRANS 3055 {} -720 20251007 "Hyresint„kter garage, moms, november"
}
#VER "28" "250338" 20251007 "Kundfaktura Jamal Ashir"
{
#TRANS 1510 {} 900 20251007
#TRANS 2610 {} -180 20251007
#TRANS 3055 {} -720 20251007 "Hyresint„kter garage, moms, november"
}
#VER "28" "250339" 20251007 "Kundfaktura Irene Molander"
{
#TRANS 1510 {} 0 20251007
#TRANS 1530 {} 928 20251007 "Tillgodo fr†n avi 8418199"
#TRANS 1530 {} -0.5 20251007 "Tillgodohavande p† 1 kr kommer p† n„sta avi."
#TRANS 2610 {} -186 20251007
#TRANS 3055 {} -720 20251007 "Hyresint„kter garage, moms, november"
#TRANS 3540 {} -22 20251007 "Aviseringskostnad"
#TRANS 3740 {} 0.5 20251007
}
#VER "28" "250340" 20251007 "Kundfaktura Erik Bergstr”m"
{
#TRANS 1510 {} 928 20251007
#TRANS 2610 {} -186 20251007
#TRANS 3055 {} -720 20251007 "Hyresint„kter garage, moms, november"
#TRANS 3540 {} -22 20251007 "Aviseringskostnad"
}
#VER "28" "250341" 20251007 "Kundfaktura David Br„nnbacka"
{
#TRANS 1510 {} 900 20251007
#TRANS 2610 {} -180 20251007
#TRANS 3055 {} -720 20251007 "Hyresint„kter garage, moms, november"
}
#VER "28" "250342" 20251007 "Kundfaktura Robert Tergenius"
{
#TRANS 1510 {} 1200 20251007
#TRANS 2610 {} -240 20251007
#TRANS 3055 {} -960 20251007 "Hyresint„kter garage, moms, november"
}
#VER "28" "250343" 20251007 "Kundfaktura Christer Angeldal"
{
#TRANS 1510 {} 1200 20251007
#TRANS 2610 {} -240 20251007
#TRANS 3055 {} -960 20251007 "Hyresint„kter garage, moms, november"
}
#VER "28" "250344" 20251007 "Kundfaktura Evin Bider"
{
#TRANS 1510 {} 900 20251007
#TRANS 2610 {} -180 20251007
#TRANS 3055 {} -720 20251007 "Hyresint„kter garage, moms, november"
}
#VER "28" "250345" 20251007 "Kundfaktura Sofia Karlsson"
{
#TRANS 1510 {} 928 20251007
#TRANS 2610 {} -186 20251007
#TRANS 3055 {} -720 20251007 "Hyresint„kter garage, moms, november"
#TRANS 3540 {} -22 20251007 "Aviseringskostnad"
}
#VER "28" "250346" 20251007 "Kundfaktura Joel Holmgren"
{
#TRANS 1510 {} 900 20251007
#TRANS 2610 {} -180 20251007
#TRANS 3055 {} -720 20251007 "Hyresint„kter garage, moms, november"
}
#VER "28" "250347" 20251007 "Kundfaktura Nahed Alwani"
{
#TRANS 1510 {} 900 20251007
#TRANS 2610 {} -180 20251007
#TRANS 3055 {} -720 20251007 "Hyresint„kter garage, moms, november"
}
#VER "28" "250348" 20251007 "Kundfaktura Lars Eriksson"
{
#TRANS 1510 {} 900 20251007
#TRANS 2610 {} -180 20251007
#TRANS 3055 {} -720 20251007 "Hyresint„kter garage, moms, november"
}
#VER "28" "250349" 20251007 "Kundfaktura Magnus Ramberg"
{
#TRANS 1510 {} 900 20251007
#TRANS 2610 {} -180 20251007
#TRANS 3055 {} -720 20251007 "Hyresint„kter garage, moms, november"
}
#VER "28" "250350" 20251007 "Kundfaktura Einar Selbyg"
{
#TRANS 1510 {} 900 20251007
#TRANS 2610 {} -180 20251007
#TRANS 3055 {} -720 20251007 "Hyresint„kter garage, moms, november"
}
#VER "28" "250351" 20251007 "Kundfaktura Mona Eriksson"
{
#TRANS 1510 {} 900 20251007
#TRANS 2610 {} -180 20251007
#TRANS 3055 {} -720 20251007 "Hyresint„kter garage, moms, november"
}
#VER "28" "250352" 20251007 "Kundfaktura Boris Ivanic"
{
#TRANS 1510 {} 900 20251007
#TRANS 2610 {} -180 20251007
#TRANS 3055 {} -720 20251007 "Hyresint„kter garage, moms, november"
}
#VER "28" "250353" 20251007 "Kundfaktura Majd Mirza"
{
#TRANS 1510 {} 1228 20251007
#TRANS 2610 {} -246 20251007
#TRANS 3055 {} -960 20251007 "Hyresint„kter garage, moms, november"
#TRANS 3540 {} -22 20251007 "Aviseringskostnad"
}
#VER "28" "250354" 20251007 "Kundfaktura Kenth Mats Artur Lindgren"
{
#TRANS 1510 {} 900 20251007
#TRANS 2610 {} -180 20251007
#TRANS 3055 {} -720 20251007 "Hyresint„kter garage, moms, november"
}
#VER "28" "250355" 20251007 "Kundfaktura Sebastian J”rts”"
{
#TRANS 1510 {} 928 20251007
#TRANS 2610 {} -186 20251007
#TRANS 3055 {} -720 20251007 "Hyresint„kter garage, moms, november"
#TRANS 3540 {} -22 20251007 "Aviseringskostnad"
}
#VER "28" "250356" 20251007 "Kundfaktura Karin Stenberg"
{
#TRANS 1510 {} 322 20251007
#TRANS 2610 {} -60 20251007
#TRANS 3055 {} -240 20251007 "Hyresint„kter garage, moms, november"
#TRANS 3541 {} -22 20251007 "Aviseringskostnad"
}
#VER "28" "250357" 20251007 "Kundfaktura Joakim Severinsson"
{
#TRANS 1510 {} 300 20251007
#TRANS 2610 {} -60 20251007
#TRANS 3055 {} -240 20251007 "Hyresint„kter garage, moms, november"
}
#VER "28" "250358" 20251104 "Kundfaktura Mojgan Alimadad"
{
#TRANS 1510 {} 928 20251104
#TRANS 2610 {} -186 20251104
#TRANS 3055 {} -720 20251104 "Hyresint„kter garage, moms, december"
#TRANS 3540 {} -22 20251104 "Aviseringskostnad"
}
#VER "28" "250359" 20251104 "Kundfaktura Alexandra Balanescu"
{
#TRANS 1510 {} 956 20251104
#TRANS 1520 {} -28 20251104 "Skuld fr†n avi 857607691"
#TRANS 2610 {} -186 20251104
#TRANS 3055 {} -720 20251104 "Hyresint„kter garage, moms, december"
#TRANS 3540 {} -22 20251104 "Aviseringskostnad"
}
#VER "28" "250360" 20251104 "Kundfaktura Yad Kakamin"
{
#TRANS 1510 {} 900 20251104
#TRANS 2610 {} -180 20251104
#TRANS 3055 {} -720 20251104 "Hyresint„kter garage, moms, december"
}
#VER "28" "250361" 20251104 "Kundfaktura Christer Andersson"
{
#TRANS 1510 {} 900 20251104
#TRANS 2610 {} -180 20251104
#TRANS 3055 {} -720 20251104 "Hyresint„kter garage, moms, december"
}
#VER "28" "250362" 20251104 "Kundfaktura Axel Kronkvist"
{
#TRANS 1510 {} 928 20251104
#TRANS 2610 {} -186 20251104
#TRANS 3055 {} -720 20251104 "Hyresint„kter garage, moms, december"
#TRANS 3540 {} -22 20251104 "Aviseringskostnad"
}
#VER "28" "250363" 20251104 "Kundfaktura Veronica Anna Maria Abrahamsson"
{
#TRANS 1510 {} 900 20251104
#TRANS 2610 {} -180 20251104
#TRANS 3055 {} -720 20251104 "Hyresint„kter garage, moms, december"
}
#VER "28" "250364" 20251104 "Kundfaktura Adil Demir"
{
#TRANS 1510 {} 928 20251104
#TRANS 2610 {} -186 20251104
#TRANS 3055 {} -720 20251104 "Hyresint„kter garage, moms, december"
#TRANS 3540 {} -22 20251104 "Aviseringskostnad"
}
#VER "28" "250365" 20251104 "Kundfaktura Joakim Severinsson"
{
#TRANS 1510 {} 900 20251104
#TRANS 2610 {} -180 20251104
#TRANS 3055 {} -720 20251104 "Hyresint„kter garage, moms, december"
}
#VER "28" "250366" 20251104 "Kundfaktura Linda Bergman"
{
#TRANS 1510 {} 900 20251104
#TRANS 2610 {} -180 20251104
#TRANS 3055 {} -720 20251104 "Hyresint„kter garage, moms, december"
}
#VER "28" "250367" 20251104 "Kundfaktura Mats Aspholm"
{
#TRANS 1510 {} 900 20251104
#TRANS 2610 {} -180 20251104
#TRANS 3055 {} -720 20251104 "Hyresint„kter garage, moms, december"
}
#VER "28" "250368" 20251104 "Kundfaktura Narmin Faile"
{
#TRANS 1510 {} 900 20251104
#TRANS 2610 {} -180 20251104
#TRANS 3055 {} -720 20251104 "Hyresint„kter garage, moms, december"
}
#VER "28" "250369" 20251104 "Kundfaktura Ana Gianina Corts Lopez"
{
#TRANS 1510 {} 928 20251104
#TRANS 2610 {} -186 20251104
#TRANS 3055 {} -720 20251104 "Hyresint„kter garage, moms, december"
#TRANS 3540 {} -22 20251104 "Aviseringskostnad"
}
#VER "28" "250370" 20251104 "Kundfaktura Malin Bj”rnstad"
{
#TRANS 1510 {} 928 20251104
#TRANS 2610 {} -186 20251104
#TRANS 3055 {} -720 20251104 "Hyresint„kter garage, moms, december"
#TRANS 3540 {} -22 20251104 "Aviseringskostnad"
}
#VER "28" "250371" 20251104 "Kundfaktura Jalel Kadar Safar"
{
#TRANS 1510 {} 900 20251104
#TRANS 2610 {} -180 20251104
#TRANS 3055 {} -720 20251104 "Hyresint„kter garage, moms, december"
}
#VER "28" "250372" 20251104 "Kundfaktura Shirwan Karam"
{
#TRANS 1510 {} 900 20251104
#TRANS 2610 {} -180 20251104
#TRANS 3055 {} -720 20251104 "Hyresint„kter garage, moms, december"
}
#VER "28" "250373" 20251104 "Kundfaktura Martin Ohlstr”m"
{
#TRANS 1510 {} 1200 20251104
#TRANS 2610 {} -240 20251104
#TRANS 3055 {} -960 20251104 "Hyresint„kter garage, moms, december"
}
#VER "28" "250374" 20251104 "Kundfaktura Lena Borgklint"
{
#TRANS 1510 {} 900 20251104
#TRANS 2610 {} -180 20251104
#TRANS 3055 {} -720 20251104 "Hyresint„kter garage, moms, december"
}
#VER "28" "250375" 20251104 "Kundfaktura Glen Wiktorsson"
{
#TRANS 1510 {} 900 20251104
#TRANS 2610 {} -180 20251104
#TRANS 3055 {} -720 20251104 "Hyresint„kter garage, moms, december"
}
#VER "28" "250376" 20251104 "Kundfaktura Belal Jalaluddin Baiany"
{
#TRANS 1510 {} 900 20251104
#TRANS 2610 {} -180 20251104
#TRANS 3055 {} -720 20251104 "Hyresint„kter garage, moms, december"
}
#VER "28" "250377" 20251104 "Kundfaktura Lars Gunnar Pehrsson"
{
#TRANS 1510 {} 900 20251104
#TRANS 2610 {} -180 20251104
#TRANS 3055 {} -720 20251104 "Hyresint„kter garage, moms, december"
}
#VER "28" "250378" 20251104 "Kundfaktura Marcus Aiehof"
{
#TRANS 1510 {} 900 20251104
#TRANS 2610 {} -180 20251104
#TRANS 3055 {} -720 20251104 "Hyresint„kter garage, moms, december"
}
#VER "28" "250379" 20251104 "Kundfaktura Goiteom Mikael"
{
#TRANS 1510 {} 928 20251104
#TRANS 2610 {} -186 20251104
#TRANS 3055 {} -720 20251104 "Hyresint„kter garage, moms, december"
#TRANS 3540 {} -22 20251104 "Aviseringskostnad"
}
#VER "28" "250380" 20251104 "Kundfaktura Karl Stefan Lindqvist"
{
#TRANS 1510 {} 900 20251104
#TRANS 2610 {} -180 20251104
#TRANS 3055 {} -720 20251104 "Hyresint„kter garage, moms, december"
}
#VER "28" "250381" 20251104 "Kundfaktura Malin Ekrelius"
{
#TRANS 1510 {} 900 20251104
#TRANS 2610 {} -180 20251104
#TRANS 3055 {} -720 20251104 "Hyresint„kter garage, moms, december"
}
#VER "28" "250382" 20251104 "Kundfaktura Omid Khaledi"
{
#TRANS 1510 {} 928 20251104
#TRANS 2610 {} -186 20251104
#TRANS 3055 {} -720 20251104 "Hyresint„kter garage, moms, december"
#TRANS 3540 {} -22 20251104 "Aviseringskostnad"
}
#VER "28" "250383" 20251104 "Kundfaktura Arben Binci"
{
#TRANS 1510 {} 900 20251104
#TRANS 2610 {} -180 20251104
#TRANS 3055 {} -720 20251104 "Hyresint„kter garage, moms, december"
}
#VER "28" "250384" 20251104 "Kundfaktura Jamal Ashir"
{
#TRANS 1510 {} 900 20251104
#TRANS 2610 {} -180 20251104
#TRANS 3055 {} -720 20251104 "Hyresint„kter garage, moms, december"
}
#VER "28" "250385" 20251104 "Kundfaktura Irene Molander"
{
#TRANS 1510 {} 899 20251104
#TRANS 1530 {} 1 20251104 "Tillgodohavande fr†n november"
#TRANS 2610 {} -180 20251104
#TRANS 3055 {} -720 20251104 "Hyresint„kter garage, moms, december"
}
#VER "28" "250386" 20251104 "Kundfaktura Erik Bergstr”m"
{
#TRANS 1510 {} 928 20251104
#TRANS 2610 {} -186 20251104
#TRANS 3055 {} -720 20251104 "Hyresint„kter garage, moms, december"
#TRANS 3540 {} -22 20251104 "Aviseringskostnad"
}
#VER "28" "250387" 20251104 "Kundfaktura David Br„nnbacka"
{
#TRANS 1510 {} 900 20251104
#TRANS 2610 {} -180 20251104
#TRANS 3055 {} -720 20251104 "Hyresint„kter garage, moms, december"
}
#VER "28" "250388" 20251104 "Kundfaktura Robert Tergenius"
{
#TRANS 1510 {} 1200 20251104
#TRANS 2610 {} -240 20251104
#TRANS 3055 {} -960 20251104 "Hyresint„kter garage, moms, december"
}
#VER "28" "250389" 20251104 "Kundfaktura Christer Angeldal"
{
#TRANS 1510 {} 1200 20251104
#TRANS 2610 {} -240 20251104
#TRANS 3055 {} -960 20251104 "Hyresint„kter garage, moms, december"
}
#VER "28" "250390" 20251104 "Kundfaktura Evin Bider"
{
#TRANS 1510 {} 900 20251104
#TRANS 2610 {} -180 20251104
#TRANS 3055 {} -720 20251104 "Hyresint„kter garage, moms, december"
}
#VER "28" "250391" 20251104 "Kundfaktura Sofia Karlsson"
{
#TRANS 1510 {} 928 20251104
#TRANS 2610 {} -186 20251104
#TRANS 3055 {} -720 20251104 "Hyresint„kter garage, moms, december"
#TRANS 3540 {} -22 20251104 "Aviseringskostnad"
}
#VER "28" "250392" 20251104 "Kundfaktura Joel Holmgren"
{
#TRANS 1510 {} 900 20251104
#TRANS 2610 {} -180 20251104
#TRANS 3055 {} -720 20251104 "Hyresint„kter garage, moms, december"
}
#VER "28" "250393" 20251104 "Kundfaktura Nahed Alwani"
{
#TRANS 1510 {} 900 20251104
#TRANS 2610 {} -180 20251104
#TRANS 3055 {} -720 20251104 "Hyresint„kter garage, moms, december"
}
#VER "28" "250394" 20251104 "Kundfaktura Lars Eriksson"
{
#TRANS 1510 {} 900 20251104
#TRANS 2610 {} -180 20251104
#TRANS 3055 {} -720 20251104 "Hyresint„kter garage, moms, december"
}
#VER "28" "250395" 20251104 "Kundfaktura Magnus Ramberg"
{
#TRANS 1510 {} 900 20251104
#TRANS 2610 {} -180 20251104
#TRANS 3055 {} -720 20251104 "Hyresint„kter garage, moms, december"
}
#VER "28" "250396" 20251104 "Kundfaktura Einar Selbyg"
{
#TRANS 1510 {} 900 20251104
#TRANS 2610 {} -180 20251104
#TRANS 3055 {} -720 20251104 "Hyresint„kter garage, moms, december"
}
#VER "28" "250397" 20251104 "Kundfaktura Mona Eriksson"
{
#TRANS 1510 {} 900 20251104
#TRANS 2610 {} -180 20251104
#TRANS 3055 {} -720 20251104 "Hyresint„kter garage, moms, december"
}
#VER "28" "250398" 20251104 "Kundfaktura Boris Ivanic"
{
#TRANS 1510 {} 900 20251104
#TRANS 2610 {} -180 20251104
#TRANS 3055 {} -720 20251104 "Hyresint„kter garage, moms, december"
}
#VER "28" "250399" 20251104 "Kundfaktura Majd Mirza"
{
#TRANS 1510 {} 1485 20251104
#TRANS 1520 {} -257 20251104 "Skuld fr†n avi 774883698"
#TRANS 2610 {} -246 20251104
#TRANS 3055 {} -960 20251104 "Hyresint„kter garage, moms, december"
#TRANS 3540 {} -22 20251104 "Aviseringskostnad"
}
#VER "28" "250400" 20251104 "Kundfaktura Kenth Mats Artur Lindgren"
{
#TRANS 1510 {} 900 20251104
#TRANS 2610 {} -180 20251104
#TRANS 3055 {} -720 20251104 "Hyresint„kter garage, moms, december"
}
#VER "28" "250401" 20251104 "Kundfaktura Sebastian J”rts”"
{
#TRANS 1510 {} 928 20251104
#TRANS 2610 {} -186 20251104
#TRANS 3055 {} -720 20251104 "Hyresint„kter garage, moms, december"
#TRANS 3540 {} -22 20251104 "Aviseringskostnad"
}
#VER "28" "250402" 20251104 "Kundfaktura Karin Stenberg"
{
#TRANS 1510 {} 322 20251104
#TRANS 2610 {} -60 20251104
#TRANS 3055 {} -240 20251104 "Hyresint„kter garage, moms, december"
#TRANS 3541 {} -22 20251104 "Aviseringskostnad"
}
#VER "28" "250403" 20251104 "Kundfaktura Joakim Severinsson"
{
#TRANS 1510 {} 300 20251104
#TRANS 2610 {} -60 20251104
#TRANS 3055 {} -240 20251104 "Hyresint„kter garage, moms, december"
}
#VER "28" "250404" 20251106 "Kundfaktura Sameer Abdul Aziz"
{
#TRANS 1510 {} 1380 20251106
#TRANS 2610 {} -276 20251106
#TRANS 3055 {} -720 20251106 "Hyresint„kter garage, moms, december"
#TRANS 3055 {} -384 20251106 "Garagehyra retroaktivt f”r 15-30 november"
}
#VER "28" "250405" 20251205 "Kundfaktura Mojgan Alimadad"
{
#TRANS 1510 {} -928 20251205
#TRANS 2610 {} 186 20251205
#TRANS 3055 {} 720 20251205 "Hyresint„kter garage, moms, november"
#TRANS 3540 {} 22 20251205 "Aviseringskostnad"
}
#VER "28" "250406" 20251205 "Kundfaktura Mojgan Alimadad"
{
#TRANS 1510 {} -928 20251205
#TRANS 2610 {} 186 20251205
#TRANS 3055 {} 720 20251205 "Hyresint„kter garage, moms, december"
#TRANS 3540 {} 22 20251205 "Aviseringskostnad"
}
#VER "28" "250407" 20251205 "Kundfaktura Mojgan Alimadad"
{
#TRANS 1510 {} 928 20251205
#TRANS 2610 {} -186 20251205
#TRANS 3055 {} -720 20251205 "Hyresint„kter garage, moms, november"
#TRANS 3540 {} -22 20251205 "Aviseringskostnad"
}
#VER "28" "250408" 20251205 "Kundfaktura Mojgan Alimadad"
{
#TRANS 1510 {} 928 20251205
#TRANS 2610 {} -186 20251205
#TRANS 3055 {} -720 20251205 "Hyresint„kter garage, moms, december"
#TRANS 3540 {} -22 20251205 "Aviseringskostnad"
}
#VER "28" "250409" 20251208 "Kundfaktura Mojgan Alimadad"
{
#TRANS 1510 {} 928 20251208
#TRANS 2610 {} -186 20251208
#TRANS 3055 {} -720 20251208 "Hyresint„kter garage, moms, januari"
#TRANS 3540 {} -22 20251208 "Aviseringskostnad"
}
#VER "28" "250410" 20251208 "Kundfaktura Alexandra Balanescu"
{
#TRANS 1510 {} 928 20251208
#TRANS 2610 {} -186 20251208
#TRANS 3055 {} -720 20251208 "Hyresint„kter garage, moms, januari"
#TRANS 3540 {} -22 20251208 "Aviseringskostnad"
}
#VER "28" "250411" 20251208 "Kundfaktura Yad Kakamin"
{
#TRANS 1510 {} 900 20251208
#TRANS 2610 {} -180 20251208
#TRANS 3055 {} -720 20251208 "Hyresint„kter garage, moms, januari"
}
#VER "28" "250412" 20251208 "Kundfaktura Christer Andersson"
{
#TRANS 1510 {} 900 20251208
#TRANS 2610 {} -180 20251208
#TRANS 3055 {} -720 20251208 "Hyresint„kter garage, moms, januari"
}
#VER "28" "250413" 20251208 "Kundfaktura Axel Kronkvist"
{
#TRANS 1510 {} 928 20251208
#TRANS 2610 {} -186 20251208
#TRANS 3055 {} -720 20251208 "Hyresint„kter garage, moms, januari"
#TRANS 3540 {} -22 20251208 "Aviseringskostnad"
}
#VER "28" "250414" 20251208 "Kundfaktura Veronica Anna Maria Abrahamsson"
{
#TRANS 1510 {} 960 20251208
#TRANS 2610 {} -180 20251208
#TRANS 2810 {} -60 20251208 "Betalningsp†minnelse 857608996"
#TRANS 3055 {} -720 20251208 "Hyresint„kter garage, moms, januari"
}
#VER "28" "250415" 20251208 "Kundfaktura Adil Demir"
{
#TRANS 1510 {} 928 20251208
#TRANS 2610 {} -186 20251208
#TRANS 3055 {} -720 20251208 "Hyresint„kter garage, moms, januari"
#TRANS 3540 {} -22 20251208 "Aviseringskostnad"
}
#VER "28" "250416" 20251208 "Kundfaktura Joakim Severinsson"
{
#TRANS 1510 {} 900 20251208
#TRANS 2610 {} -180 20251208
#TRANS 3055 {} -720 20251208 "Hyresint„kter garage, moms, januari"
}
#VER "28" "250417" 20251208 "Kundfaktura Linda Bergman"
{
#TRANS 1510 {} 900 20251208
#TRANS 2610 {} -180 20251208
#TRANS 3055 {} -720 20251208 "Hyresint„kter garage, moms, januari"
}
#VER "28" "250418" 20251208 "Kundfaktura Mats Aspholm"
{
#TRANS 1510 {} 900 20251208
#TRANS 2610 {} -180 20251208
#TRANS 3055 {} -720 20251208 "Hyresint„kter garage, moms, januari"
}
#VER "28" "250419" 20251208 "Kundfaktura Narmin Faile"
{
#TRANS 1510 {} 900 20251208
#TRANS 2610 {} -180 20251208
#TRANS 3055 {} -720 20251208 "Hyresint„kter garage, moms, januari"
}
#VER "28" "250420" 20251208 "Kundfaktura Ana Gianina Corts Lopez"
{
#TRANS 1510 {} 928 20251208
#TRANS 2610 {} -186 20251208
#TRANS 3055 {} -720 20251208 "Hyresint„kter garage, moms, januari"
#TRANS 3540 {} -22 20251208 "Aviseringskostnad"
}
#VER "28" "250421" 20251208 "Kundfaktura Malin Bj”rnstad"
{
#TRANS 1510 {} 928 20251208
#TRANS 2610 {} -186 20251208
#TRANS 3055 {} -720 20251208 "Hyresint„kter garage, moms, januari"
#TRANS 3540 {} -22 20251208 "Aviseringskostnad"
}
#VER "28" "250422" 20251208 "Kundfaktura Jalel Kadar Safar"
{
#TRANS 1510 {} 900 20251208
#TRANS 2610 {} -180 20251208
#TRANS 3055 {} -720 20251208 "Hyresint„kter garage, moms, januari"
}
#VER "28" "250423" 20251208 "Kundfaktura Shirwan Karam"
{
#TRANS 1510 {} 900 20251208
#TRANS 2610 {} -180 20251208
#TRANS 3055 {} -720 20251208 "Hyresint„kter garage, moms, januari"
}
#VER "28" "250424" 20251208 "Kundfaktura Martin Ohlstr”m"
{
#TRANS 1510 {} 1200 20251208
#TRANS 2610 {} -240 20251208
#TRANS 3055 {} -960 20251208 "Hyresint„kter garage, moms, januari"
}
#VER "28" "250425" 20251208 "Kundfaktura Sameer Abdul Aziz"
{
#TRANS 1510 {} 900 20251208
#TRANS 2610 {} -180 20251208
#TRANS 3055 {} -720 20251208 "Hyresint„kter garage, moms, januari"
}
#VER "28" "250426" 20251208 "Kundfaktura Lena Borgklint"
{
#TRANS 1510 {} 900 20251208
#TRANS 2610 {} -180 20251208
#TRANS 3055 {} -720 20251208 "Hyresint„kter garage, moms, januari"
}
#VER "28" "250427" 20251208 "Kundfaktura Glen Wiktorsson"
{
#TRANS 1510 {} 900 20251208
#TRANS 2610 {} -180 20251208
#TRANS 3055 {} -720 20251208 "Hyresint„kter garage, moms, januari"
}
#VER "28" "250428" 20251208 "Kundfaktura Belal Jalaluddin Baiany"
{
#TRANS 1510 {} 900 20251208
#TRANS 2610 {} -180 20251208
#TRANS 3055 {} -720 20251208 "Hyresint„kter garage, moms, januari"
}
#VER "28" "250429" 20251208 "Kundfaktura Lars Gunnar Pehrsson"
{
#TRANS 1510 {} 900 20251208
#TRANS 2610 {} -180 20251208
#TRANS 3055 {} -720 20251208 "Hyresint„kter garage, moms, januari"
}
#VER "28" "250430" 20251208 "Kundfaktura Marcus Aiehof"
{
#TRANS 1510 {} 900 20251208
#TRANS 2610 {} -180 20251208
#TRANS 3055 {} -720 20251208 "Hyresint„kter garage, moms, januari"
}
#VER "28" "250431" 20251208 "Kundfaktura Goiteom Mikael"
{
#TRANS 1510 {} 928 20251208
#TRANS 2610 {} -186 20251208
#TRANS 3055 {} -720 20251208 "Hyresint„kter garage, moms, januari"
#TRANS 3540 {} -22 20251208 "Aviseringskostnad"
}
#VER "28" "250432" 20251208 "Kundfaktura Karl Stefan Lindqvist"
{
#TRANS 1510 {} 900 20251208
#TRANS 2610 {} -180 20251208
#TRANS 3055 {} -720 20251208 "Hyresint„kter garage, moms, januari"
}
#VER "28" "250433" 20251208 "Kundfaktura Malin Ekrelius"
{
#TRANS 1510 {} 1010 20251208
#TRANS 2610 {} -202 20251208
#TRANS 3055 {} -720 20251208 "Hyresint„kter garage, moms, januari"
#TRANS 3124 {} -88 20251208 "Laddf”rbrukning 20250801-20251031"
}
#VER "28" "250434" 20251208 "Kundfaktura Omid Khaledi"
{
#TRANS 1510 {} 988 20251208
#TRANS 2610 {} -186 20251208
#TRANS 2810 {} -60 20251208 "Betalningsp†minnelse 857615793"
#TRANS 3055 {} -720 20251208 "Hyresint„kter garage, moms, januari"
#TRANS 3540 {} -22 20251208 "Aviseringskostnad"
}
#VER "28" "250435" 20251208 "Kundfaktura Arben Binci"
{
#TRANS 1510 {} 2184 20251208
#TRANS 2610 {} -437 20251208
#TRANS 3055 {} -720 20251208 "Hyresint„kter garage, moms, januari"
#TRANS 3124 {} -1027 20251208 "Laddf”rbrukning 20250801-20251031"
}
#VER "28" "250436" 20251208 "Kundfaktura Jamal Ashir"
{
#TRANS 1510 {} 0 20251208
#TRANS 1530 {} 900 20251208 "Tillgodo fr†n avi 8734139"
#TRANS 2610 {} -180 20251208
#TRANS 3055 {} -720 20251208 "Hyresint„kter garage, moms, januari"
}
#VER "28" "250437" 20251208 "Kundfaktura Irene Molander"
{
#TRANS 1510 {} 900 20251208
#TRANS 2610 {} -180 20251208
#TRANS 3055 {} -720 20251208 "Hyresint„kter garage, moms, januari"
}
#VER "28" "250438" 20251208 "Kundfaktura Erik Bergstr”m"
{
#TRANS 1510 {} 928 20251208
#TRANS 2610 {} -186 20251208
#TRANS 3055 {} -720 20251208 "Hyresint„kter garage, moms, januari"
#TRANS 3540 {} -22 20251208 "Aviseringskostnad"
}
#VER "28" "250439" 20251208 "Kundfaktura David Br„nnbacka"
{
#TRANS 1510 {} 900 20251208
#TRANS 2610 {} -180 20251208
#TRANS 3055 {} -720 20251208 "Hyresint„kter garage, moms, januari"
}
#VER "28" "250440" 20251208 "Kundfaktura Robert Tergenius"
{
#TRANS 1510 {} 1200 20251208
#TRANS 2610 {} -240 20251208
#TRANS 3055 {} -960 20251208 "Hyresint„kter garage, moms, januari"
}
#VER "28" "250441" 20251208 "Kundfaktura Christer Angeldal"
{
#TRANS 1510 {} 1200 20251208
#TRANS 2610 {} -240 20251208
#TRANS 3055 {} -960 20251208 "Hyresint„kter garage, moms, januari"
}
#VER "28" "250442" 20251208 "Kundfaktura Evin Bider"
{
#TRANS 1510 {} 900 20251208
#TRANS 2610 {} -180 20251208
#TRANS 3055 {} -720 20251208 "Hyresint„kter garage, moms, januari"
}
#VER "28" "250443" 20251208 "Kundfaktura Sofia Karlsson"
{
#TRANS 1510 {} 928 20251208
#TRANS 2610 {} -186 20251208
#TRANS 3055 {} -720 20251208 "Hyresint„kter garage, moms, januari"
#TRANS 3540 {} -22 20251208 "Aviseringskostnad"
}
#VER "28" "250444" 20251208 "Kundfaktura Joel Holmgren"
{
#TRANS 1510 {} 900 20251208
#TRANS 2610 {} -180 20251208
#TRANS 3055 {} -720 20251208 "Hyresint„kter garage, moms, januari"
}
#VER "28" "250445" 20251208 "Kundfaktura Nahed Alwani"
{
#TRANS 1510 {} 900 20251208
#TRANS 2610 {} -180 20251208
#TRANS 3055 {} -720 20251208 "Hyresint„kter garage, moms, januari"
}
#VER "28" "250446" 20251208 "Kundfaktura Lars Eriksson"
{
#TRANS 1510 {} 900 20251208
#TRANS 2610 {} -180 20251208
#TRANS 3055 {} -720 20251208 "Hyresint„kter garage, moms, januari"
}
#VER "28" "250447" 20251208 "Kundfaktura Magnus Ramberg"
{
#TRANS 1510 {} 1346 20251208
#TRANS 2610 {} -269 20251208
#TRANS 3055 {} -720 20251208 "Hyresint„kter garage, moms, januari"
#TRANS 3124 {} -357 20251208 "Laddf”rbrukning 20250801-20251031"
}
#VER "28" "250448" 20251208 "Kundfaktura Einar Selbyg"
{
#TRANS 1510 {} 900 20251208
#TRANS 2610 {} -180 20251208
#TRANS 3055 {} -720 20251208 "Hyresint„kter garage, moms, januari"
}
#VER "28" "250449" 20251208 "Kundfaktura Mona Eriksson"
{
#TRANS 1510 {} 900 20251208
#TRANS 2610 {} -180 20251208
#TRANS 3055 {} -720 20251208 "Hyresint„kter garage, moms, januari"
}
#VER "28" "250450" 20251208 "Kundfaktura Boris Ivanic"
{
#TRANS 1510 {} 1794 20251208
#TRANS 2610 {} -359 20251208
#TRANS 3055 {} -720 20251208 "Hyresint„kter garage, moms, januari"
#TRANS 3124 {} -715 20251208 "Laddf”rbrukning 20250801-20251031"
}
#VER "28" "250451" 20251208 "Kundfaktura Majd Mirza"
{
#TRANS 1510 {} 2518 20251208
#TRANS 2610 {} -504 20251208
#TRANS 3055 {} -960 20251208 "Hyresint„kter garage, moms, januari"
#TRANS 3124 {} -1032 20251208 "Laddf”rbrukning 20250801-20251031"
#TRANS 3540 {} -22 20251208 "Aviseringskostnad"
}
#VER "28" "250452" 20251208 "Kundfaktura Kenth Mats Artur Lindgren"
{
#TRANS 1510 {} 2365 20251208
#TRANS 2610 {} -473 20251208
#TRANS 3055 {} -720 20251208 "Hyresint„kter garage, moms, januari"
#TRANS 3124 {} -1172 20251208 "Laddf”rbrukning 20250801-20251031"
}
#VER "28" "250453" 20251208 "Kundfaktura Sebastian J”rts”"
{
#TRANS 1510 {} 928 20251208
#TRANS 2610 {} -186 20251208
#TRANS 3055 {} -720 20251208 "Hyresint„kter garage, moms, januari"
#TRANS 3540 {} -22 20251208 "Aviseringskostnad"
}
#VER "28" "250454" 20251208 "Kundfaktura Karin Stenberg"
{
#TRANS 1510 {} 300 20251208
#TRANS 2610 {} -60 20251208
#TRANS 3055 {} -240 20251208 "Hyresint„kter garage, moms, januari"
}
#VER "28" "250455" 20251208 "Kundfaktura Joakim Severinsson"
{
#TRANS 1510 {} 300 20251208
#TRANS 2610 {} -60 20251208
#TRANS 3055 {} -240 20251208 "Hyresint„kter garage, moms, januari"
}
#VER "45" "250001" 20250131 "25-240001 (#45722781)"
{
#TRANS 1713 {} -1627 20250131
#TRANS 6480 {} 1627 20250131
}
#VER "45" "250002" 20250131 "25-240002 (#46104464)"
{
#TRANS 1713 {} 1627 20250131
#TRANS 6480 {} -1627 20250131
}
#VER "45" "250003" 20250114 "18-250001 (#46437562)"
{
#TRANS 2513 {} 1580 20250114
#TRANS 3740 {} 0 20250114
#TRANS 4805 {} -1580 20250114
}
#VER "45" "250004" 20250228 "25-240001 (#45722781)"
{
#TRANS 1713 {} -1627 20250228
#TRANS 6480 {} 1627 20250228
}
#VER "45" "250005" 20250228 "25-240002 (#46104464)"
{
#TRANS 1713 {} 1627 20250228
#TRANS 6480 {} -1627 20250228
}
#VER "45" "250006" 20250228 "18-250001 (#46437562)"
{
#TRANS 2513 {} -144 20250228
#TRANS 4805 {} 144 20250228
}
#VER "45" "250007" 20250331 "25-240001 (#45722781)"
{
#TRANS 1713 {} -1627 20250331
#TRANS 6480 {} 1627 20250331
}
#VER "45" "250008" 20250331 "25-240002 (#46104464)"
{
#TRANS 1713 {} 1627 20250331
#TRANS 6480 {} -1627 20250331
}
#VER "45" "250009" 20250331 "18-250001 (#46437562)"
{
#TRANS 2513 {} -144 20250331
#TRANS 4805 {} 144 20250331
}
#VER "45" "250010" 20250307 "25-250004 (#48393715)"
{
#TRANS 1700 {} 110607 20250307
#TRANS 3740 {} 0 20250307
#TRANS 5012 {} -110607 20250307
}
#VER "45" "250011" 20250328 "28-250001 (#48521912)"
{
#TRANS 2970 {} -720 20250328
#TRANS 3055 {} 720 20250328
#TRANS 3740 {} 0 20250328
}
#VER "45" "250012" 20250328 "28-250002 (#48521914)"
{
#TRANS 2970 {} -720 20250328
#TRANS 3055 {} 720 20250328
#TRANS 3740 {} 0 20250328
}
#VER "45" "250013" 20250328 "28-250003 (#48521916)"
{
#TRANS 2970 {} -720 20250328
#TRANS 3055 {} 720 20250328
#TRANS 3740 {} 0 20250328
}
#VER "45" "250014" 20250328 "28-250004 (#48521918)"
{
#TRANS 2970 {} -720 20250328
#TRANS 3055 {} 720 20250328
#TRANS 3740 {} 0 20250328
}
#VER "45" "250015" 20250328 "28-250005 (#48521920)"
{
#TRANS 2970 {} -720 20250328
#TRANS 3055 {} 720 20250328
#TRANS 3740 {} 0 20250328
}
#VER "45" "250016" 20250328 "28-250006 (#48521922)"
{
#TRANS 2970 {} -720 20250328
#TRANS 3055 {} 720 20250328
#TRANS 3740 {} 0 20250328
}
#VER "45" "250017" 20250328 "28-250007 (#48521924)"
{
#TRANS 2970 {} -720 20250328
#TRANS 3055 {} 720 20250328
#TRANS 3740 {} 0 20250328
}
#VER "45" "250018" 20250328 "28-250008 (#48521926)"
{
#TRANS 2970 {} -720 20250328
#TRANS 3055 {} 720 20250328
#TRANS 3740 {} 0 20250328
}
#VER "45" "250019" 20250328 "28-250009 (#48521928)"
{
#TRANS 2970 {} -720 20250328
#TRANS 3055 {} 720 20250328
#TRANS 3740 {} 0 20250328
}
#VER "45" "250020" 20250328 "28-250010 (#48521930)"
{
#TRANS 2970 {} -720 20250328
#TRANS 3055 {} 720 20250328
#TRANS 3740 {} 0 20250328
}
#VER "45" "250021" 20250328 "28-250011 (#48521932)"
{
#TRANS 2970 {} -720 20250328
#TRANS 3055 {} 720 20250328
#TRANS 3740 {} 0 20250328
}
#VER "45" "250022" 20250328 "28-250012 (#48521934)"
{
#TRANS 2970 {} -720 20250328
#TRANS 3055 {} 720 20250328
#TRANS 3740 {} 0 20250328
}
#VER "45" "250023" 20250328 "28-250013 (#48521936)"
{
#TRANS 2970 {} -720 20250328
#TRANS 3055 {} 720 20250328
#TRANS 3740 {} 0 20250328
}
#VER "45" "250024" 20250328 "28-250014 (#48521938)"
{
#TRANS 2970 {} -960 20250328
#TRANS 3055 {} 960 20250328
#TRANS 3740 {} 0 20250328
}
#VER "45" "250025" 20250328 "28-250015 (#48521940)"
{
#TRANS 2970 {} -720 20250328
#TRANS 3055 {} 720 20250328
#TRANS 3740 {} 0 20250328
}
#VER "45" "250026" 20250328 "28-250016 (#48521942)"
{
#TRANS 2970 {} -720 20250328
#TRANS 3055 {} 720 20250328
#TRANS 3740 {} 0 20250328
}
#VER "45" "250027" 20250328 "28-250017 (#48521944)"
{
#TRANS 2970 {} -720 20250328
#TRANS 3055 {} 720 20250328
#TRANS 3740 {} 0 20250328
}
#VER "45" "250028" 20250328 "28-250018 (#48521946)"
{
#TRANS 2970 {} -720 20250328
#TRANS 3055 {} 720 20250328
#TRANS 3740 {} 0 20250328
}
#VER "45" "250029" 20250328 "28-250019 (#48521948)"
{
#TRANS 2970 {} -720 20250328
#TRANS 3055 {} 720 20250328
#TRANS 3740 {} 0 20250328
}
#VER "45" "250030" 20250328 "28-250020 (#48521950)"
{
#TRANS 2970 {} -720 20250328
#TRANS 3055 {} 720 20250328
#TRANS 3740 {} 0 20250328
}
#VER "45" "250031" 20250328 "28-250021 (#48521952)"
{
#TRANS 2970 {} -720 20250328
#TRANS 3055 {} 720 20250328
#TRANS 3740 {} 0 20250328
}
#VER "45" "250032" 20250328 "28-250022 (#48521954)"
{
#TRANS 2970 {} -720 20250328
#TRANS 3055 {} 720 20250328
#TRANS 3740 {} 0 20250328
}
#VER "45" "250033" 20250328 "28-250023 (#48521956)"
{
#TRANS 2970 {} -720 20250328
#TRANS 3055 {} 720 20250328
#TRANS 3740 {} 0 20250328
}
#VER "45" "250034" 20250328 "28-250024 (#48521958)"
{
#TRANS 2970 {} -720 20250328
#TRANS 3055 {} 720 20250328
#TRANS 3740 {} 0 20250328
}
#VER "45" "250035" 20250328 "28-250025 (#48521960)"
{
#TRANS 2970 {} -720 20250328
#TRANS 3055 {} 720 20250328
#TRANS 3740 {} 0 20250328
}
#VER "45" "250036" 20250328 "28-250026 (#48521962)"
{
#TRANS 2970 {} -720 20250328
#TRANS 3055 {} 720 20250328
#TRANS 3740 {} 0 20250328
}
#VER "45" "250037" 20250328 "28-250027 (#48521964)"
{
#TRANS 2970 {} -720 20250328
#TRANS 3055 {} 720 20250328
#TRANS 3740 {} 0 20250328
}
#VER "45" "250038" 20250328 "28-250028 (#48521966)"
{
#TRANS 2970 {} -720 20250328
#TRANS 3055 {} 720 20250328
#TRANS 3740 {} 0 20250328
}
#VER "45" "250039" 20250328 "28-250029 (#48521968)"
{
#TRANS 2970 {} -960 20250328
#TRANS 3055 {} 960 20250328
#TRANS 3740 {} 0 20250328
}
#VER "45" "250040" 20250328 "28-250030 (#48521974)"
{
#TRANS 2970 {} -960 20250328
#TRANS 3055 {} 960 20250328
#TRANS 3740 {} 0 20250328
}
#VER "45" "250041" 20250328 "28-250031 (#48521976)"
{
#TRANS 2970 {} -720 20250328
#TRANS 3055 {} 720 20250328
#TRANS 3740 {} 0 20250328
}
#VER "45" "250042" 20250328 "28-250032 (#48521978)"
{
#TRANS 2970 {} -720 20250328
#TRANS 3055 {} 720 20250328
#TRANS 3740 {} 0 20250328
}
#VER "45" "250043" 20250328 "28-250033 (#48521980)"
{
#TRANS 2970 {} -720 20250328
#TRANS 3055 {} 720 20250328
#TRANS 3740 {} 0 20250328
}
#VER "45" "250044" 20250328 "28-250034 (#48521982)"
{
#TRANS 2970 {} -720 20250328
#TRANS 3055 {} 720 20250328
#TRANS 3740 {} 0 20250328
}
#VER "45" "250045" 20250328 "28-250035 (#48521984)"
{
#TRANS 2970 {} -720 20250328
#TRANS 3055 {} 720 20250328
#TRANS 3740 {} 0 20250328
}
#VER "45" "250046" 20250328 "28-250036 (#48521986)"
{
#TRANS 2970 {} -720 20250328
#TRANS 3055 {} 720 20250328
#TRANS 3740 {} 0 20250328
}
#VER "45" "250047" 20250328 "28-250037 (#48521988)"
{
#TRANS 2970 {} -720 20250328
#TRANS 3055 {} 720 20250328
#TRANS 3740 {} 0 20250328
}
#VER "45" "250048" 20250328 "28-250038 (#48521990)"
{
#TRANS 2970 {} -720 20250328
#TRANS 3055 {} 720 20250328
#TRANS 3740 {} 0 20250328
}
#VER "45" "250049" 20250328 "28-250039 (#48521992)"
{
#TRANS 2970 {} -720 20250328
#TRANS 3055 {} 720 20250328
#TRANS 3740 {} 0 20250328
}
#VER "45" "250050" 20250328 "28-250040 (#48521994)"
{
#TRANS 2970 {} -960 20250328
#TRANS 3055 {} 960 20250328
#TRANS 3740 {} 0 20250328
}
#VER "45" "250051" 20250328 "28-250041 (#48521996)"
{
#TRANS 2970 {} -720 20250328
#TRANS 3055 {} 720 20250328
#TRANS 3740 {} 0 20250328
}
#VER "45" "250052" 20250328 "28-250042 (#48521998)"
{
#TRANS 2970 {} -720 20250328
#TRANS 3055 {} 720 20250328
#TRANS 3740 {} 0 20250328
}
#VER "45" "250053" 20250328 "28-250043 (#48522000)"
{
#TRANS 1700 {} -30 20250328
#TRANS 2970 {} -240 20250328
#TRANS 3054 {} 30 20250328
#TRANS 3055 {} 240 20250328
#TRANS 3740 {} 0 20250328
}
#VER "45" "250054" 20250228 "28-250043 (#48522000)"
{
#TRANS 1700 {} 30 20250228
#TRANS 3054 {} -30 20250228
}
#VER "45" "250055" 20250430 "25-240001 (#45722781)"
{
#TRANS 1713 {} -1627 20250430
#TRANS 6480 {} 1627 20250430
}
#VER "45" "250056" 20250430 "25-240002 (#46104464)"
{
#TRANS 1713 {} 1627 20250430
#TRANS 6480 {} -1627 20250430
}
#VER "45" "250057" 20250430 "18-250001 (#46437562)"
{
#TRANS 2513 {} -144 20250430
#TRANS 4805 {} 144 20250430
}
#VER "45" "250058" 20250430 "25-250004 (#48393715)"
{
#TRANS 1700 {} -36869 20250430
#TRANS 5012 {} 36869 20250430
}
#VER "45" "250059" 20250430 "28-250001 (#48521912)"
{
#TRANS 2970 {} 720 20250430
#TRANS 3055 {} -720 20250430
}
#VER "45" "250060" 20250430 "28-250002 (#48521914)"
{
#TRANS 2970 {} 720 20250430
#TRANS 3055 {} -720 20250430
}
#VER "45" "250061" 20250430 "28-250003 (#48521916)"
{
#TRANS 2970 {} 720 20250430
#TRANS 3055 {} -720 20250430
}
#VER "45" "250062" 20250430 "28-250004 (#48521918)"
{
#TRANS 2970 {} 720 20250430
#TRANS 3055 {} -720 20250430
}
#VER "45" "250063" 20250430 "28-250005 (#48521920)"
{
#TRANS 2970 {} 720 20250430
#TRANS 3055 {} -720 20250430
}
#VER "45" "250064" 20250430 "28-250006 (#48521922)"
{
#TRANS 2970 {} 720 20250430
#TRANS 3055 {} -720 20250430
}
#VER "45" "250065" 20250430 "28-250007 (#48521924)"
{
#TRANS 2970 {} 720 20250430
#TRANS 3055 {} -720 20250430
}
#VER "45" "250066" 20250430 "28-250008 (#48521926)"
{
#TRANS 2970 {} 720 20250430
#TRANS 3055 {} -720 20250430
}
#VER "45" "250067" 20250430 "28-250009 (#48521928)"
{
#TRANS 2970 {} 720 20250430
#TRANS 3055 {} -720 20250430
}
#VER "45" "250068" 20250430 "28-250010 (#48521930)"
{
#TRANS 2970 {} 720 20250430
#TRANS 3055 {} -720 20250430
}
#VER "45" "250069" 20250430 "28-250011 (#48521932)"
{
#TRANS 2970 {} 720 20250430
#TRANS 3055 {} -720 20250430
}
#VER "45" "250070" 20250430 "28-250012 (#48521934)"
{
#TRANS 2970 {} 720 20250430
#TRANS 3055 {} -720 20250430
}
#VER "45" "250071" 20250430 "28-250013 (#48521936)"
{
#TRANS 2970 {} 720 20250430
#TRANS 3055 {} -720 20250430
}
#VER "45" "250072" 20250430 "28-250014 (#48521938)"
{
#TRANS 2970 {} 960 20250430
#TRANS 3055 {} -960 20250430
}
#VER "45" "250073" 20250430 "28-250015 (#48521940)"
{
#TRANS 2970 {} 720 20250430
#TRANS 3055 {} -720 20250430
}
#VER "45" "250074" 20250430 "28-250016 (#48521942)"
{
#TRANS 2970 {} 720 20250430
#TRANS 3055 {} -720 20250430
}
#VER "45" "250075" 20250430 "28-250017 (#48521944)"
{
#TRANS 2970 {} 720 20250430
#TRANS 3055 {} -720 20250430
}
#VER "45" "250076" 20250430 "28-250018 (#48521946)"
{
#TRANS 2970 {} 720 20250430
#TRANS 3055 {} -720 20250430
}
#VER "45" "250077" 20250430 "28-250019 (#48521948)"
{
#TRANS 2970 {} 720 20250430
#TRANS 3055 {} -720 20250430
}
#VER "45" "250078" 20250430 "28-250020 (#48521950)"
{
#TRANS 2970 {} 720 20250430
#TRANS 3055 {} -720 20250430
}
#VER "45" "250079" 20250430 "28-250021 (#48521952)"
{
#TRANS 2970 {} 720 20250430
#TRANS 3055 {} -720 20250430
}
#VER "45" "250080" 20250430 "28-250022 (#48521954)"
{
#TRANS 2970 {} 720 20250430
#TRANS 3055 {} -720 20250430
}
#VER "45" "250081" 20250430 "28-250023 (#48521956)"
{
#TRANS 2970 {} 720 20250430
#TRANS 3055 {} -720 20250430
}
#VER "45" "250082" 20250430 "28-250024 (#48521958)"
{
#TRANS 2970 {} 720 20250430
#TRANS 3055 {} -720 20250430
}
#VER "45" "250083" 20250430 "28-250025 (#48521960)"
{
#TRANS 2970 {} 720 20250430
#TRANS 3055 {} -720 20250430
}
#VER "45" "250084" 20250430 "28-250026 (#48521962)"
{
#TRANS 2970 {} 720 20250430
#TRANS 3055 {} -720 20250430
}
#VER "45" "250085" 20250430 "28-250027 (#48521964)"
{
#TRANS 2970 {} 720 20250430
#TRANS 3055 {} -720 20250430
}
#VER "45" "250086" 20250430 "28-250028 (#48521966)"
{
#TRANS 2970 {} 720 20250430
#TRANS 3055 {} -720 20250430
}
#VER "45" "250087" 20250430 "28-250029 (#48521968)"
{
#TRANS 2970 {} 960 20250430
#TRANS 3055 {} -960 20250430
}
#VER "45" "250088" 20250430 "28-250030 (#48521974)"
{
#TRANS 2970 {} 960 20250430
#TRANS 3055 {} -960 20250430
}
#VER "45" "250089" 20250430 "28-250031 (#48521976)"
{
#TRANS 2970 {} 720 20250430
#TRANS 3055 {} -720 20250430
}
#VER "45" "250090" 20250430 "28-250032 (#48521978)"
{
#TRANS 2970 {} 720 20250430
#TRANS 3055 {} -720 20250430
}
#VER "45" "250091" 20250430 "28-250033 (#48521980)"
{
#TRANS 2970 {} 720 20250430
#TRANS 3055 {} -720 20250430
}
#VER "45" "250092" 20250430 "28-250034 (#48521982)"
{
#TRANS 2970 {} 720 20250430
#TRANS 3055 {} -720 20250430
}
#VER "45" "250093" 20250430 "28-250035 (#48521984)"
{
#TRANS 2970 {} 720 20250430
#TRANS 3055 {} -720 20250430
}
#VER "45" "250094" 20250430 "28-250036 (#48521986)"
{
#TRANS 2970 {} 720 20250430
#TRANS 3055 {} -720 20250430
}
#VER "45" "250095" 20250430 "28-250037 (#48521988)"
{
#TRANS 2970 {} 720 20250430
#TRANS 3055 {} -720 20250430
}
#VER "45" "250096" 20250430 "28-250038 (#48521990)"
{
#TRANS 2970 {} 720 20250430
#TRANS 3055 {} -720 20250430
}
#VER "45" "250097" 20250430 "28-250039 (#48521992)"
{
#TRANS 2970 {} 720 20250430
#TRANS 3055 {} -720 20250430
}
#VER "45" "250098" 20250430 "28-250040 (#48521994)"
{
#TRANS 2970 {} 960 20250430
#TRANS 3055 {} -960 20250430
}
#VER "45" "250099" 20250430 "28-250041 (#48521996)"
{
#TRANS 2970 {} 720 20250430
#TRANS 3055 {} -720 20250430
}
#VER "45" "250100" 20250430 "28-250042 (#48521998)"
{
#TRANS 2970 {} 720 20250430
#TRANS 3055 {} -720 20250430
}
#VER "45" "250101" 20250430 "28-250043 (#48522000)"
{
#TRANS 2970 {} 240 20250430
#TRANS 3055 {} -240 20250430
}
#VER "45" "250102" 20250408 "28-250045 (#48975679)"
{
#TRANS 2970 {} -720 20250408
#TRANS 3055 {} 720 20250408
#TRANS 3740 {} 0 20250408
}
#VER "45" "250103" 20250408 "28-250046 (#48975689)"
{
#TRANS 2970 {} -720 20250408
#TRANS 3055 {} 720 20250408
#TRANS 3740 {} 0 20250408
}
#VER "45" "250104" 20250408 "28-250047 (#48975697)"
{
#TRANS 2970 {} -720 20250408
#TRANS 3055 {} 720 20250408
#TRANS 3740 {} 0 20250408
}
#VER "45" "250105" 20250408 "28-250048 (#48975704)"
{
#TRANS 2970 {} -720 20250408
#TRANS 3055 {} 720 20250408
#TRANS 3740 {} 0 20250408
}
#VER "45" "250106" 20250408 "28-250049 (#48975710)"
{
#TRANS 2970 {} -720 20250408
#TRANS 3055 {} 720 20250408
#TRANS 3740 {} 0 20250408
}
#VER "45" "250107" 20250408 "28-250050 (#48975718)"
{
#TRANS 2970 {} -720 20250408
#TRANS 3055 {} 720 20250408
#TRANS 3740 {} 0 20250408
}
#VER "45" "250108" 20250408 "28-250051 (#48975724)"
{
#TRANS 2970 {} -720 20250408
#TRANS 3055 {} 720 20250408
#TRANS 3740 {} 0 20250408
}
#VER "45" "250109" 20250408 "28-250052 (#48975730)"
{
#TRANS 2970 {} -720 20250408
#TRANS 3055 {} 720 20250408
#TRANS 3740 {} 0 20250408
}
#VER "45" "250110" 20250408 "28-250053 (#48975739)"
{
#TRANS 2970 {} -720 20250408
#TRANS 3055 {} 720 20250408
#TRANS 3740 {} 0 20250408
}
#VER "45" "250111" 20250408 "28-250054 (#48975746)"
{
#TRANS 2970 {} -720 20250408
#TRANS 3055 {} 720 20250408
#TRANS 3740 {} 0 20250408
}
#VER "45" "250112" 20250408 "28-250055 (#48975754)"
{
#TRANS 2970 {} -720 20250408
#TRANS 3055 {} 720 20250408
#TRANS 3740 {} 0 20250408
}
#VER "45" "250113" 20250408 "28-250056 (#48975763)"
{
#TRANS 2970 {} -720 20250408
#TRANS 3055 {} 720 20250408
#TRANS 3740 {} 0 20250408
}
#VER "45" "250114" 20250408 "28-250057 (#48975771)"
{
#TRANS 2970 {} -720 20250408
#TRANS 3055 {} 720 20250408
#TRANS 3740 {} 0 20250408
}
#VER "45" "250115" 20250408 "28-250058 (#48975778)"
{
#TRANS 2970 {} -960 20250408
#TRANS 3055 {} 960 20250408
#TRANS 3740 {} 0 20250408
}
#VER "45" "250116" 20250408 "28-250059 (#48975785)"
{
#TRANS 2970 {} -720 20250408
#TRANS 3055 {} 720 20250408
#TRANS 3740 {} 0 20250408
}
#VER "45" "250117" 20250408 "28-250060 (#48975793)"
{
#TRANS 2970 {} -720 20250408
#TRANS 3055 {} 720 20250408
#TRANS 3740 {} 0 20250408
}
#VER "45" "250118" 20250408 "28-250061 (#48975805)"
{
#TRANS 2970 {} -720 20250408
#TRANS 3055 {} 720 20250408
#TRANS 3740 {} 0 20250408
}
#VER "45" "250119" 20250408 "28-250062 (#48975813)"
{
#TRANS 2970 {} -720 20250408
#TRANS 3055 {} 720 20250408
#TRANS 3740 {} 0 20250408
}
#VER "45" "250120" 20250408 "28-250063 (#48975824)"
{
#TRANS 2970 {} -720 20250408
#TRANS 3055 {} 720 20250408
#TRANS 3740 {} 0 20250408
}
#VER "45" "250121" 20250408 "28-250064 (#48975835)"
{
#TRANS 2970 {} -720 20250408
#TRANS 3055 {} 720 20250408
#TRANS 3740 {} 0 20250408
}
#VER "45" "250122" 20250408 "28-250065 (#48975846)"
{
#TRANS 2970 {} -720 20250408
#TRANS 3055 {} 720 20250408
#TRANS 3740 {} 0 20250408
}
#VER "45" "250123" 20250408 "28-250066 (#48975855)"
{
#TRANS 2970 {} -720 20250408
#TRANS 3055 {} 720 20250408
#TRANS 3740 {} 0 20250408
}
#VER "45" "250124" 20250408 "28-250067 (#48975863)"
{
#TRANS 2970 {} -720 20250408
#TRANS 3055 {} 720 20250408
#TRANS 3740 {} 0 20250408
}
#VER "45" "250125" 20250408 "28-250068 (#48975872)"
{
#TRANS 2970 {} -720 20250408
#TRANS 3055 {} 720 20250408
#TRANS 3740 {} 0 20250408
}
#VER "45" "250126" 20250408 "28-250069 (#48975881)"
{
#TRANS 2970 {} -720 20250408
#TRANS 3055 {} 720 20250408
#TRANS 3740 {} 0 20250408
}
#VER "45" "250127" 20250408 "28-250070 (#48975890)"
{
#TRANS 2970 {} -720 20250408
#TRANS 3055 {} 720 20250408
#TRANS 3740 {} 0 20250408
}
#VER "45" "250128" 20250408 "28-250071 (#48975898)"
{
#TRANS 2970 {} -720 20250408
#TRANS 3055 {} 720 20250408
#TRANS 3740 {} 0 20250408
}
#VER "45" "250129" 20250408 "28-250072 (#48975903)"
{
#TRANS 2970 {} -720 20250408
#TRANS 3055 {} 720 20250408
#TRANS 3740 {} 0 20250408
}
#VER "45" "250130" 20250408 "28-250073 (#48975910)"
{
#TRANS 2970 {} -960 20250408
#TRANS 3055 {} 960 20250408
#TRANS 3740 {} 0 20250408
}
#VER "45" "250131" 20250408 "28-250074 (#48975917)"
{
#TRANS 2970 {} -960 20250408
#TRANS 3055 {} 960 20250408
#TRANS 3740 {} 0 20250408
}
#VER "45" "250132" 20250408 "28-250075 (#48975925)"
{
#TRANS 2970 {} -720 20250408
#TRANS 3055 {} 720 20250408
#TRANS 3740 {} 0 20250408
}
#VER "45" "250133" 20250408 "28-250076 (#48975932)"
{
#TRANS 2970 {} -720 20250408
#TRANS 3055 {} 720 20250408
#TRANS 3740 {} 0 20250408
}
#VER "45" "250134" 20250408 "28-250077 (#48975940)"
{
#TRANS 2970 {} -720 20250408
#TRANS 3055 {} 720 20250408
#TRANS 3740 {} 0 20250408
}
#VER "45" "250135" 20250408 "28-250078 (#48975949)"
{
#TRANS 2970 {} -720 20250408
#TRANS 3055 {} 720 20250408
#TRANS 3740 {} 0 20250408
}
#VER "45" "250136" 20250408 "28-250079 (#48975955)"
{
#TRANS 2970 {} -720 20250408
#TRANS 3055 {} 720 20250408
#TRANS 3740 {} 0 20250408
}
#VER "45" "250137" 20250408 "28-250080 (#48975961)"
{
#TRANS 2970 {} -720 20250408
#TRANS 3055 {} 720 20250408
#TRANS 3740 {} 0 20250408
}
#VER "45" "250138" 20250408 "28-250081 (#48975967)"
{
#TRANS 2970 {} -720 20250408
#TRANS 3055 {} 720 20250408
#TRANS 3740 {} 0 20250408
}
#VER "45" "250139" 20250408 "28-250082 (#48975974)"
{
#TRANS 2970 {} -720 20250408
#TRANS 3055 {} 720 20250408
#TRANS 3740 {} 0 20250408
}
#VER "45" "250140" 20250408 "28-250083 (#48975981)"
{
#TRANS 2970 {} -720 20250408
#TRANS 3055 {} 720 20250408
#TRANS 3740 {} 0 20250408
}
#VER "45" "250141" 20250408 "28-250084 (#48975988)"
{
#TRANS 2970 {} -960 20250408
#TRANS 3055 {} 960 20250408
#TRANS 3740 {} 0 20250408
}
#VER "45" "250142" 20250408 "28-250085 (#48975996)"
{
#TRANS 2970 {} -720 20250408
#TRANS 3055 {} 720 20250408
#TRANS 3740 {} 0 20250408
}
#VER "45" "250143" 20250408 "28-250086 (#48976002)"
{
#TRANS 2970 {} -720 20250408
#TRANS 3055 {} 720 20250408
#TRANS 3740 {} 0 20250408
}
#VER "45" "250144" 20250408 "28-250087 (#48976008)"
{
#TRANS 2970 {} -240 20250408
#TRANS 3055 {} 240 20250408
#TRANS 3740 {} 0 20250408
}
#VER "45" "250145" 20250404 "25-250005 (#49230606)"
{
#TRANS 1700 {} 73723 20250404
#TRANS 3740 {} 0 20250404
#TRANS 5012 {} -73723 20250404
}
#VER "45" "250146" 20250531 "25-240001 (#45722781)"
{
#TRANS 1713 {} -1627 20250531
#TRANS 6480 {} 1627 20250531
}
#VER "45" "250147" 20250531 "25-240002 (#46104464)"
{
#TRANS 1713 {} 1627 20250531
#TRANS 6480 {} -1627 20250531
}
#VER "45" "250148" 20250531 "18-250001 (#46437562)"
{
#TRANS 2513 {} -144 20250531
#TRANS 4805 {} 144 20250531
}
#VER "45" "250149" 20250531 "25-250004 (#48393715)"
{
#TRANS 1700 {} -36869 20250531
#TRANS 5012 {} 36869 20250531
}
#VER "45" "250150" 20250531 "28-250045 (#48975679)"
{
#TRANS 2970 {} 720 20250531
#TRANS 3055 {} -720 20250531
}
#VER "45" "250151" 20250531 "28-250046 (#48975689)"
{
#TRANS 2970 {} 720 20250531
#TRANS 3055 {} -720 20250531
}
#VER "45" "250152" 20250531 "28-250047 (#48975697)"
{
#TRANS 2970 {} 720 20250531
#TRANS 3055 {} -720 20250531
}
#VER "45" "250153" 20250531 "28-250048 (#48975704)"
{
#TRANS 2970 {} 720 20250531
#TRANS 3055 {} -720 20250531
}
#VER "45" "250154" 20250531 "28-250049 (#48975710)"
{
#TRANS 2970 {} 720 20250531
#TRANS 3055 {} -720 20250531
}
#VER "45" "250155" 20250531 "28-250050 (#48975718)"
{
#TRANS 2970 {} 720 20250531
#TRANS 3055 {} -720 20250531
}
#VER "45" "250156" 20250531 "28-250051 (#48975724)"
{
#TRANS 2970 {} 720 20250531
#TRANS 3055 {} -720 20250531
}
#VER "45" "250157" 20250531 "28-250052 (#48975730)"
{
#TRANS 2970 {} 720 20250531
#TRANS 3055 {} -720 20250531
}
#VER "45" "250158" 20250531 "28-250053 (#48975739)"
{
#TRANS 2970 {} 720 20250531
#TRANS 3055 {} -720 20250531
}
#VER "45" "250159" 20250531 "28-250054 (#48975746)"
{
#TRANS 2970 {} 720 20250531
#TRANS 3055 {} -720 20250531
}
#VER "45" "250160" 20250531 "28-250055 (#48975754)"
{
#TRANS 2970 {} 720 20250531
#TRANS 3055 {} -720 20250531
}
#VER "45" "250161" 20250531 "28-250056 (#48975763)"
{
#TRANS 2970 {} 720 20250531
#TRANS 3055 {} -720 20250531
}
#VER "45" "250162" 20250531 "28-250057 (#48975771)"
{
#TRANS 2970 {} 720 20250531
#TRANS 3055 {} -720 20250531
}
#VER "45" "250163" 20250531 "28-250058 (#48975778)"
{
#TRANS 2970 {} 960 20250531
#TRANS 3055 {} -960 20250531
}
#VER "45" "250164" 20250531 "28-250059 (#48975785)"
{
#TRANS 2970 {} 720 20250531
#TRANS 3055 {} -720 20250531
}
#VER "45" "250165" 20250531 "28-250060 (#48975793)"
{
#TRANS 2970 {} 720 20250531
#TRANS 3055 {} -720 20250531
}
#VER "45" "250166" 20250531 "28-250061 (#48975805)"
{
#TRANS 2970 {} 720 20250531
#TRANS 3055 {} -720 20250531
}
#VER "45" "250167" 20250531 "28-250062 (#48975813)"
{
#TRANS 2970 {} 720 20250531
#TRANS 3055 {} -720 20250531
}
#VER "45" "250168" 20250531 "28-250063 (#48975824)"
{
#TRANS 2970 {} 720 20250531
#TRANS 3055 {} -720 20250531
}
#VER "45" "250169" 20250531 "28-250064 (#48975835)"
{
#TRANS 2970 {} 720 20250531
#TRANS 3055 {} -720 20250531
}
#VER "45" "250170" 20250531 "28-250065 (#48975846)"
{
#TRANS 2970 {} 720 20250531
#TRANS 3055 {} -720 20250531
}
#VER "45" "250171" 20250531 "28-250066 (#48975855)"
{
#TRANS 2970 {} 720 20250531
#TRANS 3055 {} -720 20250531
}
#VER "45" "250172" 20250531 "28-250067 (#48975863)"
{
#TRANS 2970 {} 720 20250531
#TRANS 3055 {} -720 20250531
}
#VER "45" "250173" 20250531 "28-250068 (#48975872)"
{
#TRANS 2970 {} 720 20250531
#TRANS 3055 {} -720 20250531
}
#VER "45" "250174" 20250531 "28-250069 (#48975881)"
{
#TRANS 2970 {} 720 20250531
#TRANS 3055 {} -720 20250531
}
#VER "45" "250175" 20250531 "28-250070 (#48975890)"
{
#TRANS 2970 {} 720 20250531
#TRANS 3055 {} -720 20250531
}
#VER "45" "250176" 20250531 "28-250071 (#48975898)"
{
#TRANS 2970 {} 720 20250531
#TRANS 3055 {} -720 20250531
}
#VER "45" "250177" 20250531 "28-250072 (#48975903)"
{
#TRANS 2970 {} 720 20250531
#TRANS 3055 {} -720 20250531
}
#VER "45" "250178" 20250531 "28-250073 (#48975910)"
{
#TRANS 2970 {} 960 20250531
#TRANS 3055 {} -960 20250531
}
#VER "45" "250179" 20250531 "28-250074 (#48975917)"
{
#TRANS 2970 {} 960 20250531
#TRANS 3055 {} -960 20250531
}
#VER "45" "250180" 20250531 "28-250075 (#48975925)"
{
#TRANS 2970 {} 720 20250531
#TRANS 3055 {} -720 20250531
}
#VER "45" "250181" 20250531 "28-250076 (#48975932)"
{
#TRANS 2970 {} 720 20250531
#TRANS 3055 {} -720 20250531
}
#VER "45" "250182" 20250531 "28-250077 (#48975940)"
{
#TRANS 2970 {} 720 20250531
#TRANS 3055 {} -720 20250531
}
#VER "45" "250183" 20250531 "28-250078 (#48975949)"
{
#TRANS 2970 {} 720 20250531
#TRANS 3055 {} -720 20250531
}
#VER "45" "250184" 20250531 "28-250079 (#48975955)"
{
#TRANS 2970 {} 720 20250531
#TRANS 3055 {} -720 20250531
}
#VER "45" "250185" 20250531 "28-250080 (#48975961)"
{
#TRANS 2970 {} 720 20250531
#TRANS 3055 {} -720 20250531
}
#VER "45" "250186" 20250531 "28-250081 (#48975967)"
{
#TRANS 2970 {} 720 20250531
#TRANS 3055 {} -720 20250531
}
#VER "45" "250187" 20250531 "28-250082 (#48975974)"
{
#TRANS 2970 {} 720 20250531
#TRANS 3055 {} -720 20250531
}
#VER "45" "250188" 20250531 "28-250083 (#48975981)"
{
#TRANS 2970 {} 720 20250531
#TRANS 3055 {} -720 20250531
}
#VER "45" "250189" 20250531 "28-250084 (#48975988)"
{
#TRANS 2970 {} 960 20250531
#TRANS 3055 {} -960 20250531
}
#VER "45" "250190" 20250531 "28-250085 (#48975996)"
{
#TRANS 2970 {} 720 20250531
#TRANS 3055 {} -720 20250531
}
#VER "45" "250191" 20250531 "28-250086 (#48976002)"
{
#TRANS 2970 {} 720 20250531
#TRANS 3055 {} -720 20250531
}
#VER "45" "250192" 20250531 "28-250087 (#48976008)"
{
#TRANS 2970 {} 240 20250531
#TRANS 3055 {} -240 20250531
}
#VER "45" "250193" 20250531 "25-250005 (#49230606)"
{
#TRANS 1700 {} -36862 20250531
#TRANS 5012 {} 36862 20250531
}
#VER "45" "250194" 20250506 "28-250089 (#50004483)"
{
#TRANS 2970 {} -720 20250506
#TRANS 3055 {} 720 20250506
#TRANS 3740 {} 0 20250506
}
#VER "45" "250195" 20250506 "28-250090 (#50004488)"
{
#TRANS 2970 {} -720 20250506
#TRANS 3055 {} 720 20250506
#TRANS 3740 {} 0 20250506
}
#VER "45" "250196" 20250506 "28-250091 (#50004495)"
{
#TRANS 2970 {} -720 20250506
#TRANS 3055 {} 720 20250506
#TRANS 3740 {} 0 20250506
}
#VER "45" "250197" 20250506 "28-250092 (#50004500)"
{
#TRANS 2970 {} -720 20250506
#TRANS 3055 {} 720 20250506
#TRANS 3740 {} 0 20250506
}
#VER "45" "250198" 20250506 "28-250093 (#50004504)"
{
#TRANS 2970 {} -720 20250506
#TRANS 3055 {} 720 20250506
#TRANS 3740 {} 0 20250506
}
#VER "45" "250199" 20250506 "28-250094 (#50004509)"
{
#TRANS 2970 {} -720 20250506
#TRANS 3055 {} 720 20250506
#TRANS 3740 {} 0 20250506
}
#VER "45" "250200" 20250506 "28-250095 (#50004516)"
{
#TRANS 2970 {} -720 20250506
#TRANS 3055 {} 720 20250506
#TRANS 3740 {} 0 20250506
}
#VER "45" "250201" 20250506 "28-250096 (#50004522)"
{
#TRANS 2970 {} -720 20250506
#TRANS 3055 {} 720 20250506
#TRANS 3740 {} 0 20250506
}
#VER "45" "250202" 20250506 "28-250097 (#50004529)"
{
#TRANS 2970 {} -720 20250506
#TRANS 3055 {} 720 20250506
#TRANS 3740 {} 0 20250506
}
#VER "45" "250203" 20250506 "28-250098 (#50004535)"
{
#TRANS 2970 {} -720 20250506
#TRANS 3055 {} 720 20250506
#TRANS 3740 {} 0 20250506
}
#VER "45" "250204" 20250506 "28-250099 (#50004540)"
{
#TRANS 2970 {} -720 20250506
#TRANS 3055 {} 720 20250506
#TRANS 3740 {} 0 20250506
}
#VER "45" "250205" 20250506 "28-250100 (#50004549)"
{
#TRANS 2970 {} -720 20250506
#TRANS 3055 {} 720 20250506
#TRANS 3740 {} 0 20250506
}
#VER "45" "250206" 20250506 "28-250101 (#50004554)"
{
#TRANS 2970 {} -960 20250506
#TRANS 3055 {} 960 20250506
#TRANS 3740 {} 0 20250506
}
#VER "45" "250207" 20250506 "28-250102 (#50004559)"
{
#TRANS 2970 {} -720 20250506
#TRANS 3055 {} 720 20250506
#TRANS 3740 {} 0 20250506
}
#VER "45" "250208" 20250506 "28-250103 (#50004565)"
{
#TRANS 2970 {} -720 20250506
#TRANS 3055 {} 720 20250506
#TRANS 3740 {} 0 20250506
}
#VER "45" "250209" 20250506 "28-250104 (#50004571)"
{
#TRANS 2970 {} -720 20250506
#TRANS 3055 {} 720 20250506
#TRANS 3740 {} 0 20250506
}
#VER "45" "250210" 20250506 "28-250105 (#50004577)"
{
#TRANS 2970 {} -720 20250506
#TRANS 3055 {} 720 20250506
#TRANS 3740 {} 0 20250506
}
#VER "45" "250211" 20250506 "28-250106 (#50004583)"
{
#TRANS 2970 {} -720 20250506
#TRANS 3055 {} 720 20250506
#TRANS 3740 {} 0 20250506
}
#VER "45" "250212" 20250506 "28-250107 (#50004590)"
{
#TRANS 2970 {} -720 20250506
#TRANS 3055 {} 720 20250506
#TRANS 3740 {} 0 20250506
}
#VER "45" "250213" 20250506 "28-250108 (#50004597)"
{
#TRANS 2970 {} -720 20250506
#TRANS 3055 {} 720 20250506
#TRANS 3740 {} 0 20250506
}
#VER "45" "250214" 20250506 "28-250109 (#50004602)"
{
#TRANS 2970 {} -720 20250506
#TRANS 3055 {} 720 20250506
#TRANS 3740 {} 0 20250506
}
#VER "45" "250215" 20250506 "28-250110 (#50004607)"
{
#TRANS 2970 {} -720 20250506
#TRANS 3055 {} 720 20250506
#TRANS 3740 {} 0 20250506
}
#VER "45" "250216" 20250506 "28-250111 (#50004612)"
{
#TRANS 2970 {} -720 20250506
#TRANS 3055 {} 720 20250506
#TRANS 3740 {} 0 20250506
}
#VER "45" "250217" 20250506 "28-250112 (#50004620)"
{
#TRANS 2970 {} -720 20250506
#TRANS 3055 {} 720 20250506
#TRANS 3740 {} 0 20250506
}
#VER "45" "250218" 20250506 "28-250113 (#50004624)"
{
#TRANS 2970 {} -720 20250506
#TRANS 3055 {} 720 20250506
#TRANS 3740 {} 0 20250506
}
#VER "45" "250219" 20250506 "28-250114 (#50004631)"
{
#TRANS 2970 {} -720 20250506
#TRANS 3055 {} 720 20250506
#TRANS 3740 {} 0 20250506
}
#VER "45" "250220" 20250506 "28-250115 (#50004637)"
{
#TRANS 2970 {} -720 20250506
#TRANS 3055 {} 720 20250506
#TRANS 3740 {} 0 20250506
}
#VER "45" "250221" 20250506 "28-250116 (#50004644)"
{
#TRANS 2970 {} -960 20250506
#TRANS 3055 {} 960 20250506
#TRANS 3740 {} 0 20250506
}
#VER "45" "250222" 20250506 "28-250117 (#50004650)"
{
#TRANS 2970 {} -960 20250506
#TRANS 3055 {} 960 20250506
#TRANS 3740 {} 0 20250506
}
#VER "45" "250223" 20250506 "28-250118 (#50004656)"
{
#TRANS 2970 {} -720 20250506
#TRANS 3055 {} 720 20250506
#TRANS 3740 {} 0 20250506
}
#VER "45" "250224" 20250506 "28-250119 (#50004668)"
{
#TRANS 2970 {} -720 20250506
#TRANS 3055 {} 720 20250506
#TRANS 3740 {} 0 20250506
}
#VER "45" "250225" 20250506 "28-250120 (#50004677)"
{
#TRANS 2970 {} -720 20250506
#TRANS 3055 {} 720 20250506
#TRANS 3740 {} 0 20250506
}
#VER "45" "250226" 20250506 "28-250121 (#50004689)"
{
#TRANS 2970 {} -720 20250506
#TRANS 3055 {} 720 20250506
#TRANS 3740 {} 0 20250506
}
#VER "45" "250227" 20250506 "28-250122 (#50004701)"
{
#TRANS 2970 {} -720 20250506
#TRANS 3055 {} 720 20250506
#TRANS 3740 {} 0 20250506
}
#VER "45" "250228" 20250506 "28-250123 (#50004712)"
{
#TRANS 2970 {} -720 20250506
#TRANS 3055 {} 720 20250506
#TRANS 3740 {} 0 20250506
}
#VER "45" "250229" 20250506 "28-250124 (#50004722)"
{
#TRANS 2970 {} -720 20250506
#TRANS 3055 {} 720 20250506
#TRANS 3740 {} 0 20250506
}
#VER "45" "250230" 20250506 "28-250125 (#50004733)"
{
#TRANS 2970 {} -720 20250506
#TRANS 3055 {} 720 20250506
#TRANS 3740 {} 0 20250506
}
#VER "45" "250231" 20250506 "28-250126 (#50004743)"
{
#TRANS 2970 {} -720 20250506
#TRANS 3055 {} 720 20250506
#TRANS 3740 {} 0 20250506
}
#VER "45" "250232" 20250506 "28-250127 (#50004751)"
{
#TRANS 2970 {} -960 20250506
#TRANS 3055 {} 960 20250506
#TRANS 3740 {} 0 20250506
}
#VER "45" "250233" 20250506 "28-250128 (#50004761)"
{
#TRANS 2970 {} -720 20250506
#TRANS 3055 {} 720 20250506
#TRANS 3740 {} 0 20250506
}
#VER "45" "250234" 20250506 "28-250129 (#50004769)"
{
#TRANS 2970 {} -720 20250506
#TRANS 3055 {} 720 20250506
#TRANS 3740 {} 0 20250506
}
#VER "45" "250235" 20250506 "28-250130 (#50004777)"
{
#TRANS 1700 {} -23 20250506
#TRANS 2970 {} -240 20250506
#TRANS 3055 {} 23 20250506
#TRANS 3055 {} 240 20250506
#TRANS 3740 {} 0 20250506
}
#VER "45" "250236" 20250430 "28-250130 (#50004777)"
{
#TRANS 1700 {} 23 20250430
#TRANS 3055 {} -23 20250430
}
#VER "45" "250237" 20250506 "28-250131 (#50004791)"
{
#TRANS 2970 {} -240 20250506
#TRANS 3055 {} 240 20250506
#TRANS 3740 {} 0 20250506
}
#VER "45" "250238" 20250516 "28-250132 (#50115549)"
{
#TRANS 2970 {} 648 20250516
#TRANS 3055 {} -648 20250516
#TRANS 3740 {} 0 20250516
}
#VER "45" "250239" 20250630 "25-240001 (#45722781)"
{
#TRANS 1713 {} -1627 20250630
#TRANS 6480 {} 1627 20250630
}
#VER "45" "250240" 20250630 "25-240002 (#46104464)"
{
#TRANS 1713 {} 1627 20250630
#TRANS 6480 {} -1627 20250630
}
#VER "45" "250241" 20250630 "18-250001 (#46437562)"
{
#TRANS 2513 {} -144 20250630
#TRANS 4805 {} 144 20250630
}
#VER "45" "250242" 20250630 "25-250004 (#48393715)"
{
#TRANS 1700 {} -36869 20250630
#TRANS 5012 {} 36869 20250630
}
#VER "45" "250243" 20250630 "25-250005 (#49230606)"
{
#TRANS 1700 {} -36861 20250630
#TRANS 5012 {} 36861 20250630
}
#VER "45" "250244" 20250630 "28-250089 (#50004483)"
{
#TRANS 2970 {} 720 20250630
#TRANS 3055 {} -720 20250630
}
#VER "45" "250245" 20250630 "28-250090 (#50004488)"
{
#TRANS 2970 {} 720 20250630
#TRANS 3055 {} -720 20250630
}
#VER "45" "250246" 20250630 "28-250091 (#50004495)"
{
#TRANS 2970 {} 720 20250630
#TRANS 3055 {} -720 20250630
}
#VER "45" "250247" 20250630 "28-250092 (#50004500)"
{
#TRANS 2970 {} 720 20250630
#TRANS 3055 {} -720 20250630
}
#VER "45" "250248" 20250630 "28-250093 (#50004504)"
{
#TRANS 2970 {} 720 20250630
#TRANS 3055 {} -720 20250630
}
#VER "45" "250249" 20250630 "28-250094 (#50004509)"
{
#TRANS 2970 {} 720 20250630
#TRANS 3055 {} -720 20250630
}
#VER "45" "250250" 20250630 "28-250095 (#50004516)"
{
#TRANS 2970 {} 720 20250630
#TRANS 3055 {} -720 20250630
}
#VER "45" "250251" 20250630 "28-250096 (#50004522)"
{
#TRANS 2970 {} 720 20250630
#TRANS 3055 {} -720 20250630
}
#VER "45" "250252" 20250630 "28-250097 (#50004529)"
{
#TRANS 2970 {} 720 20250630
#TRANS 3055 {} -720 20250630
}
#VER "45" "250253" 20250630 "28-250098 (#50004535)"
{
#TRANS 2970 {} 720 20250630
#TRANS 3055 {} -720 20250630
}
#VER "45" "250254" 20250630 "28-250099 (#50004540)"
{
#TRANS 2970 {} 720 20250630
#TRANS 3055 {} -720 20250630
}
#VER "45" "250255" 20250630 "28-250100 (#50004549)"
{
#TRANS 2970 {} 720 20250630
#TRANS 3055 {} -720 20250630
}
#VER "45" "250256" 20250630 "28-250101 (#50004554)"
{
#TRANS 2970 {} 960 20250630
#TRANS 3055 {} -960 20250630
}
#VER "45" "250257" 20250630 "28-250102 (#50004559)"
{
#TRANS 2970 {} 720 20250630
#TRANS 3055 {} -720 20250630
}
#VER "45" "250258" 20250630 "28-250103 (#50004565)"
{
#TRANS 2970 {} 720 20250630
#TRANS 3055 {} -720 20250630
}
#VER "45" "250259" 20250630 "28-250104 (#50004571)"
{
#TRANS 2970 {} 720 20250630
#TRANS 3055 {} -720 20250630
}
#VER "45" "250260" 20250630 "28-250105 (#50004577)"
{
#TRANS 2970 {} 720 20250630
#TRANS 3055 {} -720 20250630
}
#VER "45" "250261" 20250630 "28-250106 (#50004583)"
{
#TRANS 2970 {} 720 20250630
#TRANS 3055 {} -720 20250630
}
#VER "45" "250262" 20250630 "28-250107 (#50004590)"
{
#TRANS 2970 {} 720 20250630
#TRANS 3055 {} -720 20250630
}
#VER "45" "250263" 20250630 "28-250108 (#50004597)"
{
#TRANS 2970 {} 720 20250630
#TRANS 3055 {} -720 20250630
}
#VER "45" "250264" 20250630 "28-250109 (#50004602)"
{
#TRANS 2970 {} 720 20250630
#TRANS 3055 {} -720 20250630
}
#VER "45" "250265" 20250630 "28-250110 (#50004607)"
{
#TRANS 2970 {} 720 20250630
#TRANS 3055 {} -720 20250630
}
#VER "45" "250266" 20250630 "28-250111 (#50004612)"
{
#TRANS 2970 {} 720 20250630
#TRANS 3055 {} -720 20250630
}
#VER "45" "250267" 20250630 "28-250112 (#50004620)"
{
#TRANS 2970 {} 720 20250630
#TRANS 3055 {} -720 20250630
}
#VER "45" "250268" 20250630 "28-250113 (#50004624)"
{
#TRANS 2970 {} 720 20250630
#TRANS 3055 {} -720 20250630
}
#VER "45" "250269" 20250630 "28-250114 (#50004631)"
{
#TRANS 2970 {} 720 20250630
#TRANS 3055 {} -720 20250630
}
#VER "45" "250270" 20250630 "28-250115 (#50004637)"
{
#TRANS 2970 {} 720 20250630
#TRANS 3055 {} -720 20250630
}
#VER "45" "250271" 20250630 "28-250116 (#50004644)"
{
#TRANS 2970 {} 960 20250630
#TRANS 3055 {} -960 20250630
}
#VER "45" "250272" 20250630 "28-250117 (#50004650)"
{
#TRANS 2970 {} 960 20250630
#TRANS 3055 {} -960 20250630
}
#VER "45" "250273" 20250630 "28-250118 (#50004656)"
{
#TRANS 2970 {} 720 20250630
#TRANS 3055 {} -720 20250630
}
#VER "45" "250274" 20250630 "28-250119 (#50004668)"
{
#TRANS 2970 {} 720 20250630
#TRANS 3055 {} -720 20250630
}
#VER "45" "250275" 20250630 "28-250120 (#50004677)"
{
#TRANS 2970 {} 720 20250630
#TRANS 3055 {} -720 20250630
}
#VER "45" "250276" 20250630 "28-250121 (#50004689)"
{
#TRANS 2970 {} 720 20250630
#TRANS 3055 {} -720 20250630
}
#VER "45" "250277" 20250630 "28-250122 (#50004701)"
{
#TRANS 2970 {} 720 20250630
#TRANS 3055 {} -720 20250630
}
#VER "45" "250278" 20250630 "28-250123 (#50004712)"
{
#TRANS 2970 {} 720 20250630
#TRANS 3055 {} -720 20250630
}
#VER "45" "250279" 20250630 "28-250124 (#50004722)"
{
#TRANS 2970 {} 720 20250630
#TRANS 3055 {} -720 20250630
}
#VER "45" "250280" 20250630 "28-250125 (#50004733)"
{
#TRANS 2970 {} 720 20250630
#TRANS 3055 {} -720 20250630
}
#VER "45" "250281" 20250630 "28-250126 (#50004743)"
{
#TRANS 2970 {} 720 20250630
#TRANS 3055 {} -720 20250630
}
#VER "45" "250282" 20250630 "28-250127 (#50004751)"
{
#TRANS 2970 {} 960 20250630
#TRANS 3055 {} -960 20250630
}
#VER "45" "250283" 20250630 "28-250128 (#50004761)"
{
#TRANS 2970 {} 720 20250630
#TRANS 3055 {} -720 20250630
}
#VER "45" "250284" 20250630 "28-250129 (#50004769)"
{
#TRANS 2970 {} 720 20250630
#TRANS 3055 {} -720 20250630
}
#VER "45" "250285" 20250630 "28-250130 (#50004777)"
{
#TRANS 2970 {} 240 20250630
#TRANS 3055 {} -240 20250630
}
#VER "45" "250286" 20250630 "28-250131 (#50004791)"
{
#TRANS 2970 {} 240 20250630
#TRANS 3055 {} -240 20250630
}
#VER "45" "250287" 20250630 "28-250132 (#50115549)"
{
#TRANS 2970 {} -648 20250630
#TRANS 3055 {} 648 20250630
}
#VER "45" "250288" 20250605 "28-250133 (#50954444)"
{
#TRANS 2970 {} -720 20250605
#TRANS 3055 {} 720 20250605
#TRANS 3740 {} 0 20250605
}
#VER "45" "250289" 20250605 "28-250134 (#50954446)"
{
#TRANS 2970 {} -720 20250605
#TRANS 3055 {} 720 20250605
#TRANS 3740 {} 0 20250605
}
#VER "45" "250290" 20250605 "28-250135 (#50954448)"
{
#TRANS 2970 {} -720 20250605
#TRANS 3055 {} 720 20250605
#TRANS 3740 {} 0 20250605
}
#VER "45" "250291" 20250605 "28-250136 (#50954450)"
{
#TRANS 2970 {} -720 20250605
#TRANS 3055 {} 720 20250605
#TRANS 3740 {} 0 20250605
}
#VER "45" "250292" 20250605 "28-250137 (#50954452)"
{
#TRANS 2970 {} -720 20250605
#TRANS 3055 {} 720 20250605
#TRANS 3740 {} 0 20250605
}
#VER "45" "250293" 20250605 "28-250138 (#50954454)"
{
#TRANS 2970 {} -720 20250605
#TRANS 3055 {} 720 20250605
#TRANS 3740 {} 0 20250605
}
#VER "45" "250294" 20250605 "28-250139 (#50954456)"
{
#TRANS 2970 {} -720 20250605
#TRANS 3055 {} 720 20250605
#TRANS 3740 {} 0 20250605
}
#VER "45" "250295" 20250605 "28-250140 (#50954458)"
{
#TRANS 2970 {} -720 20250605
#TRANS 3055 {} 720 20250605
#TRANS 3740 {} 0 20250605
}
#VER "45" "250296" 20250605 "28-250141 (#50954460)"
{
#TRANS 2970 {} -720 20250605
#TRANS 3055 {} 720 20250605
#TRANS 3740 {} 0 20250605
}
#VER "45" "250297" 20250605 "28-250142 (#50954462)"
{
#TRANS 2970 {} -720 20250605
#TRANS 3055 {} 720 20250605
#TRANS 3740 {} 0 20250605
}
#VER "45" "250298" 20250605 "28-250143 (#50954464)"
{
#TRANS 2970 {} -720 20250605
#TRANS 3055 {} 720 20250605
#TRANS 3740 {} 0 20250605
}
#VER "45" "250299" 20250605 "28-250144 (#50954466)"
{
#TRANS 2970 {} -960 20250605
#TRANS 3055 {} 960 20250605
#TRANS 3740 {} 0 20250605
}
#VER "45" "250300" 20250605 "28-250145 (#50954468)"
{
#TRANS 2970 {} -720 20250605
#TRANS 3055 {} 720 20250605
#TRANS 3740 {} 0 20250605
}
#VER "45" "250301" 20250605 "28-250146 (#50954470)"
{
#TRANS 1700 {} -74 20250605
#TRANS 2970 {} -720 20250605
#TRANS 3055 {} 720 20250605
#TRANS 3124 {} 74 20250605
#TRANS 3740 {} 0 20250605
}
#VER "45" "250302" 20250331 "28-250146 (#50954470)"
{
#TRANS 1700 {} 25 20250331
#TRANS 3124 {} -25 20250331
}
#VER "45" "250303" 20250430 "28-250146 (#50954470)"
{
#TRANS 1700 {} 25 20250430
#TRANS 3124 {} -25 20250430
}
#VER "45" "250304" 20250531 "28-250146 (#50954470)"
{
#TRANS 1700 {} 24 20250531
#TRANS 3124 {} -24 20250531
}
#VER "45" "250305" 20250605 "28-250147 (#50954475)"
{
#TRANS 2970 {} -720 20250605
#TRANS 3055 {} 720 20250605
#TRANS 3740 {} 0 20250605
}
#VER "45" "250306" 20250605 "28-250148 (#50954477)"
{
#TRANS 2970 {} -720 20250605
#TRANS 3055 {} 720 20250605
#TRANS 3740 {} 0 20250605
}
#VER "45" "250307" 20250605 "28-250149 (#50954479)"
{
#TRANS 2970 {} -720 20250605
#TRANS 3055 {} 720 20250605
#TRANS 3740 {} 0 20250605
}
#VER "45" "250308" 20250605 "28-250150 (#50954481)"
{
#TRANS 2970 {} -720 20250605
#TRANS 3055 {} 720 20250605
#TRANS 3740 {} 0 20250605
}
#VER "45" "250309" 20250605 "28-250151 (#50954483)"
{
#TRANS 2970 {} -720 20250605
#TRANS 3055 {} 720 20250605
#TRANS 3740 {} 0 20250605
}
#VER "45" "250310" 20250605 "28-250152 (#50954485)"
{
#TRANS 2970 {} -720 20250605
#TRANS 3055 {} 720 20250605
#TRANS 3740 {} 0 20250605
}
#VER "45" "250311" 20250605 "28-250153 (#50954487)"
{
#TRANS 2970 {} -720 20250605
#TRANS 3055 {} 720 20250605
#TRANS 3740 {} 0 20250605
}
#VER "45" "250312" 20250605 "28-250154 (#50954489)"
{
#TRANS 1700 {} -998 20250605
#TRANS 2970 {} -720 20250605
#TRANS 3055 {} 720 20250605
#TRANS 3124 {} 998 20250605
#TRANS 3740 {} 0 20250605
}
#VER "45" "250313" 20250331 "28-250154 (#50954489)"
{
#TRANS 1700 {} 333 20250331
#TRANS 3124 {} -333 20250331
}
#VER "45" "250314" 20250430 "28-250154 (#50954489)"
{
#TRANS 1700 {} 333 20250430
#TRANS 3124 {} -333 20250430
}
#VER "45" "250315" 20250531 "28-250154 (#50954489)"
{
#TRANS 1700 {} 332 20250531
#TRANS 3124 {} -332 20250531
}
#VER "45" "250316" 20250605 "28-250155 (#50954494)"
{
#TRANS 2970 {} -720 20250605
#TRANS 3055 {} 720 20250605
#TRANS 3740 {} 0 20250605
}
#VER "45" "250317" 20250605 "28-250156 (#50954496)"
{
#TRANS 2970 {} -720 20250605
#TRANS 3055 {} 720 20250605
#TRANS 3740 {} 0 20250605
}
#VER "45" "250318" 20250605 "28-250157 (#50954498)"
{
#TRANS 2970 {} -720 20250605
#TRANS 3055 {} 720 20250605
#TRANS 3740 {} 0 20250605
}
#VER "45" "250319" 20250605 "28-250158 (#50954500)"
{
#TRANS 2970 {} -720 20250605
#TRANS 3055 {} 720 20250605
#TRANS 3740 {} 0 20250605
}
#VER "45" "250320" 20250605 "28-250159 (#50954502)"
{
#TRANS 2970 {} -960 20250605
#TRANS 3055 {} 960 20250605
#TRANS 3740 {} 0 20250605
}
#VER "45" "250321" 20250605 "28-250160 (#50954504)"
{
#TRANS 2970 {} -960 20250605
#TRANS 3055 {} 960 20250605
#TRANS 3740 {} 0 20250605
}
#VER "45" "250322" 20250605 "28-250161 (#50954506)"
{
#TRANS 2970 {} -720 20250605
#TRANS 3055 {} 720 20250605
#TRANS 3740 {} 0 20250605
}
#VER "45" "250323" 20250605 "28-250162 (#50954508)"
{
#TRANS 2970 {} -720 20250605
#TRANS 3055 {} 720 20250605
#TRANS 3740 {} 0 20250605
}
#VER "45" "250324" 20250605 "28-250163 (#50954510)"
{
#TRANS 2970 {} -720 20250605
#TRANS 3055 {} 720 20250605
#TRANS 3740 {} 0 20250605
}
#VER "45" "250325" 20250605 "28-250164 (#50954512)"
{
#TRANS 2970 {} -720 20250605
#TRANS 3055 {} 720 20250605
#TRANS 3740 {} 0 20250605
}
#VER "45" "250326" 20250605 "28-250165 (#50954514)"
{
#TRANS 2970 {} -720 20250605
#TRANS 3055 {} 720 20250605
#TRANS 3740 {} 0 20250605
}
#VER "45" "250327" 20250605 "28-250166 (#50954516)"
{
#TRANS 1700 {} -480 20250605
#TRANS 2970 {} -720 20250605
#TRANS 3055 {} 720 20250605
#TRANS 3124 {} 480 20250605
#TRANS 3740 {} 0 20250605
}
#VER "45" "250328" 20250331 "28-250166 (#50954516)"
{
#TRANS 1700 {} 160 20250331
#TRANS 3124 {} -160 20250331
}
#VER "45" "250329" 20250430 "28-250166 (#50954516)"
{
#TRANS 1700 {} 160 20250430
#TRANS 3124 {} -160 20250430
}
#VER "45" "250330" 20250531 "28-250166 (#50954516)"
{
#TRANS 1700 {} 160 20250531
#TRANS 3124 {} -160 20250531
}
#VER "45" "250331" 20250605 "28-250167 (#50954521)"
{
#TRANS 2970 {} -720 20250605
#TRANS 3055 {} 720 20250605
#TRANS 3740 {} 0 20250605
}
#VER "45" "250332" 20250605 "28-250168 (#50954523)"
{
#TRANS 2970 {} -720 20250605
#TRANS 3055 {} 720 20250605
#TRANS 3740 {} 0 20250605
}
#VER "45" "250333" 20250605 "28-250169 (#50954525)"
{
#TRANS 1700 {} -954 20250605
#TRANS 2970 {} -720 20250605
#TRANS 3055 {} 720 20250605
#TRANS 3124 {} 954 20250605
#TRANS 3740 {} 0 20250605
}
#VER "45" "250334" 20250331 "28-250169 (#50954525)"
{
#TRANS 1700 {} 318 20250331
#TRANS 3124 {} -318 20250331
}
#VER "45" "250335" 20250430 "28-250169 (#50954525)"
{
#TRANS 1700 {} 318 20250430
#TRANS 3124 {} -318 20250430
}
#VER "45" "250336" 20250531 "28-250169 (#50954525)"
{
#TRANS 1700 {} 318 20250531
#TRANS 3124 {} -318 20250531
}
#VER "45" "250337" 20250605 "28-250170 (#50954530)"
{
#TRANS 1700 {} -833 20250605
#TRANS 2970 {} -960 20250605
#TRANS 3055 {} 960 20250605
#TRANS 3124 {} 833 20250605
#TRANS 3740 {} 0 20250605
}
#VER "45" "250338" 20250331 "28-250170 (#50954530)"
{
#TRANS 1700 {} 278 20250331
#TRANS 3124 {} -278 20250331
}
#VER "45" "250339" 20250430 "28-250170 (#50954530)"
{
#TRANS 1700 {} 278 20250430
#TRANS 3124 {} -278 20250430
}
#VER "45" "250340" 20250531 "28-250170 (#50954530)"
{
#TRANS 1700 {} 277 20250531
#TRANS 3124 {} -277 20250531
}
#VER "45" "250341" 20250605 "28-250171 (#50954535)"
{
#TRANS 1700 {} -1732 20250605
#TRANS 2970 {} -720 20250605
#TRANS 3055 {} 720 20250605
#TRANS 3124 {} 1732 20250605
#TRANS 3740 {} 0 20250605
}
#VER "45" "250342" 20250331 "28-250171 (#50954535)"
{
#TRANS 1700 {} 577 20250331
#TRANS 3124 {} -577 20250331
}
#VER "45" "250343" 20250430 "28-250171 (#50954535)"
{
#TRANS 1700 {} 577 20250430
#TRANS 3124 {} -577 20250430
}
#VER "45" "250344" 20250531 "28-250171 (#50954535)"
{
#TRANS 1700 {} 578 20250531
#TRANS 3124 {} -578 20250531
}
#VER "45" "250345" 20250605 "28-250172 (#50954540)"
{
#TRANS 1700 {} -25 20250605
#TRANS 2970 {} -720 20250605
#TRANS 3055 {} 720 20250605
#TRANS 3124 {} 25 20250605
#TRANS 3740 {} 0 20250605
}
#VER "45" "250346" 20250331 "28-250172 (#50954540)"
{
#TRANS 1700 {} 8 20250331
#TRANS 3124 {} -8 20250331
}
#VER "45" "250347" 20250430 "28-250172 (#50954540)"
{
#TRANS 1700 {} 8 20250430
#TRANS 3124 {} -8 20250430
}
#VER "45" "250348" 20250531 "28-250172 (#50954540)"
{
#TRANS 1700 {} 9 20250531
#TRANS 3124 {} -9 20250531
}
#VER "45" "250349" 20250605 "28-250173 (#50954545)"
{
#TRANS 2970 {} -240 20250605
#TRANS 3055 {} 240 20250605
#TRANS 3740 {} 0 20250605
}
#VER "45" "250350" 20250605 "28-250174 (#50954547)"
{
#TRANS 2970 {} -240 20250605
#TRANS 3055 {} 240 20250605
#TRANS 3740 {} 0 20250605
}
#VER "45" "250351" 20250328 "28-250175 (#51107169)"
{
#TRANS 1700 {} 30 20250328
#TRANS 2970 {} -263 20250328
#TRANS 3054 {} -30 20250328
#TRANS 3055 {} 263 20250328
#TRANS 3740 {} 0 20250328
}
#VER "45" "250352" 20250430 "28-250175 (#51107169)"
{
#TRANS 2970 {} 263 20250430
#TRANS 3055 {} -263 20250430
}
#VER "45" "250353" 20250228 "28-250175 (#51107169)"
{
#TRANS 1700 {} -30 20250228
#TRANS 3054 {} 30 20250228
}
#VER "45" "250354" 20250731 "25-240001 (#45722781)"
{
#TRANS 1713 {} -1627 20250731
#TRANS 6480 {} 1627 20250731
}
#VER "45" "250355" 20250731 "25-240002 (#46104464)"
{
#TRANS 1713 {} 1627 20250731
#TRANS 6480 {} -1627 20250731
}
#VER "45" "250356" 20250731 "18-250001 (#46437562)"
{
#TRANS 2513 {} -144 20250731
#TRANS 4805 {} 144 20250731
}
#VER "45" "250357" 20250731 "28-250133 (#50954444)"
{
#TRANS 2970 {} 720 20250731
#TRANS 3055 {} -720 20250731
}
#VER "45" "250358" 20250731 "28-250134 (#50954446)"
{
#TRANS 2970 {} 720 20250731
#TRANS 3055 {} -720 20250731
}
#VER "45" "250359" 20250731 "28-250135 (#50954448)"
{
#TRANS 2970 {} 720 20250731
#TRANS 3055 {} -720 20250731
}
#VER "45" "250360" 20250731 "28-250136 (#50954450)"
{
#TRANS 2970 {} 720 20250731
#TRANS 3055 {} -720 20250731
}
#VER "45" "250361" 20250731 "28-250137 (#50954452)"
{
#TRANS 2970 {} 720 20250731
#TRANS 3055 {} -720 20250731
}
#VER "45" "250362" 20250731 "28-250138 (#50954454)"
{
#TRANS 2970 {} 720 20250731
#TRANS 3055 {} -720 20250731
}
#VER "45" "250363" 20250731 "28-250139 (#50954456)"
{
#TRANS 2970 {} 720 20250731
#TRANS 3055 {} -720 20250731
}
#VER "45" "250364" 20250731 "28-250140 (#50954458)"
{
#TRANS 2970 {} 720 20250731
#TRANS 3055 {} -720 20250731
}
#VER "45" "250365" 20250731 "28-250141 (#50954460)"
{
#TRANS 2970 {} 720 20250731
#TRANS 3055 {} -720 20250731
}
#VER "45" "250366" 20250731 "28-250142 (#50954462)"
{
#TRANS 2970 {} 720 20250731
#TRANS 3055 {} -720 20250731
}
#VER "45" "250367" 20250731 "28-250143 (#50954464)"
{
#TRANS 2970 {} 720 20250731
#TRANS 3055 {} -720 20250731
}
#VER "45" "250368" 20250731 "28-250144 (#50954466)"
{
#TRANS 2970 {} 960 20250731
#TRANS 3055 {} -960 20250731
}
#VER "45" "250369" 20250731 "28-250145 (#50954468)"
{
#TRANS 2970 {} 720 20250731
#TRANS 3055 {} -720 20250731
}
#VER "45" "250370" 20250731 "28-250146 (#50954470)"
{
#TRANS 2970 {} 720 20250731
#TRANS 3055 {} -720 20250731
}
#VER "45" "250371" 20250731 "28-250147 (#50954475)"
{
#TRANS 2970 {} 720 20250731
#TRANS 3055 {} -720 20250731
}
#VER "45" "250372" 20250731 "28-250148 (#50954477)"
{
#TRANS 2970 {} 720 20250731
#TRANS 3055 {} -720 20250731
}
#VER "45" "250373" 20250731 "28-250149 (#50954479)"
{
#TRANS 2970 {} 720 20250731
#TRANS 3055 {} -720 20250731
}
#VER "45" "250374" 20250731 "28-250150 (#50954481)"
{
#TRANS 2970 {} 720 20250731
#TRANS 3055 {} -720 20250731
}
#VER "45" "250375" 20250731 "28-250151 (#50954483)"
{
#TRANS 2970 {} 720 20250731
#TRANS 3055 {} -720 20250731
}
#VER "45" "250376" 20250731 "28-250152 (#50954485)"
{
#TRANS 2970 {} 720 20250731
#TRANS 3055 {} -720 20250731
}
#VER "45" "250377" 20250731 "28-250153 (#50954487)"
{
#TRANS 2970 {} 720 20250731
#TRANS 3055 {} -720 20250731
}
#VER "45" "250378" 20250731 "28-250154 (#50954489)"
{
#TRANS 2970 {} 720 20250731
#TRANS 3055 {} -720 20250731
}
#VER "45" "250379" 20250731 "28-250155 (#50954494)"
{
#TRANS 2970 {} 720 20250731
#TRANS 3055 {} -720 20250731
}
#VER "45" "250380" 20250731 "28-250156 (#50954496)"
{
#TRANS 2970 {} 720 20250731
#TRANS 3055 {} -720 20250731
}
#VER "45" "250381" 20250731 "28-250157 (#50954498)"
{
#TRANS 2970 {} 720 20250731
#TRANS 3055 {} -720 20250731
}
#VER "45" "250382" 20250731 "28-250158 (#50954500)"
{
#TRANS 2970 {} 720 20250731
#TRANS 3055 {} -720 20250731
}
#VER "45" "250383" 20250731 "28-250159 (#50954502)"
{
#TRANS 2970 {} 960 20250731
#TRANS 3055 {} -960 20250731
}
#VER "45" "250384" 20250731 "28-250160 (#50954504)"
{
#TRANS 2970 {} 960 20250731
#TRANS 3055 {} -960 20250731
}
#VER "45" "250385" 20250731 "28-250161 (#50954506)"
{
#TRANS 2970 {} 720 20250731
#TRANS 3055 {} -720 20250731
}
#VER "45" "250386" 20250731 "28-250162 (#50954508)"
{
#TRANS 2970 {} 720 20250731
#TRANS 3055 {} -720 20250731
}
#VER "45" "250387" 20250731 "28-250163 (#50954510)"
{
#TRANS 2970 {} 720 20250731
#TRANS 3055 {} -720 20250731
}
#VER "45" "250388" 20250731 "28-250164 (#50954512)"
{
#TRANS 2970 {} 720 20250731
#TRANS 3055 {} -720 20250731
}
#VER "45" "250389" 20250731 "28-250165 (#50954514)"
{
#TRANS 2970 {} 720 20250731
#TRANS 3055 {} -720 20250731
}
#VER "45" "250390" 20250731 "28-250166 (#50954516)"
{
#TRANS 2970 {} 720 20250731
#TRANS 3055 {} -720 20250731
}
#VER "45" "250391" 20250731 "28-250167 (#50954521)"
{
#TRANS 2970 {} 720 20250731
#TRANS 3055 {} -720 20250731
}
#VER "45" "250392" 20250731 "28-250168 (#50954523)"
{
#TRANS 2970 {} 720 20250731
#TRANS 3055 {} -720 20250731
}
#VER "45" "250393" 20250731 "28-250169 (#50954525)"
{
#TRANS 2970 {} 720 20250731
#TRANS 3055 {} -720 20250731
}
#VER "45" "250394" 20250731 "28-250170 (#50954530)"
{
#TRANS 2970 {} 960 20250731
#TRANS 3055 {} -960 20250731
}
#VER "45" "250395" 20250731 "28-250171 (#50954535)"
{
#TRANS 2970 {} 720 20250731
#TRANS 3055 {} -720 20250731
}
#VER "45" "250396" 20250731 "28-250172 (#50954540)"
{
#TRANS 2970 {} 720 20250731
#TRANS 3055 {} -720 20250731
}
#VER "45" "250397" 20250731 "28-250173 (#50954545)"
{
#TRANS 2970 {} 240 20250731
#TRANS 3055 {} -240 20250731
}
#VER "45" "250398" 20250731 "28-250174 (#50954547)"
{
#TRANS 2970 {} 240 20250731
#TRANS 3055 {} -240 20250731
}
#VER "45" "250399" 20250701 "28-250177 (#51512902)"
{
#TRANS 2970 {} -720 20250701
#TRANS 3055 {} 720 20250701
#TRANS 3740 {} 0 20250701
}
#VER "45" "250400" 20250701 "28-250178 (#51512904)"
{
#TRANS 2970 {} -720 20250701
#TRANS 3055 {} 720 20250701
#TRANS 3740 {} 0 20250701
}
#VER "45" "250401" 20250701 "28-250179 (#51512906)"
{
#TRANS 2970 {} -720 20250701
#TRANS 3055 {} 720 20250701
#TRANS 3740 {} 0 20250701
}
#VER "45" "250402" 20250701 "28-250180 (#51512908)"
{
#TRANS 2970 {} -720 20250701
#TRANS 3055 {} 720 20250701
#TRANS 3740 {} 0 20250701
}
#VER "45" "250403" 20250701 "28-250181 (#51512910)"
{
#TRANS 2970 {} -720 20250701
#TRANS 3055 {} 720 20250701
#TRANS 3740 {} 0 20250701
}
#VER "45" "250404" 20250701 "28-250182 (#51512912)"
{
#TRANS 2970 {} -720 20250701
#TRANS 3055 {} 720 20250701
#TRANS 3740 {} 0 20250701
}
#VER "45" "250405" 20250701 "28-250183 (#51512914)"
{
#TRANS 2970 {} -720 20250701
#TRANS 3055 {} 720 20250701
#TRANS 3740 {} 0 20250701
}
#VER "45" "250406" 20250701 "28-250184 (#51512916)"
{
#TRANS 2970 {} -720 20250701
#TRANS 3055 {} 720 20250701
#TRANS 3740 {} 0 20250701
}
#VER "45" "250407" 20250701 "28-250185 (#51512918)"
{
#TRANS 2970 {} -720 20250701
#TRANS 3055 {} 720 20250701
#TRANS 3740 {} 0 20250701
}
#VER "45" "250408" 20250701 "28-250186 (#51512920)"
{
#TRANS 2970 {} -720 20250701
#TRANS 3055 {} 720 20250701
#TRANS 3740 {} 0 20250701
}
#VER "45" "250409" 20250701 "28-250187 (#51512922)"
{
#TRANS 1700 {} -251 20250701
#TRANS 2970 {} -720 20250701
#TRANS 3055 {} 251 20250701
#TRANS 3055 {} 720 20250701
#TRANS 3740 {} 0 20250701
}
#VER "45" "250410" 20250630 "28-250187 (#51512922)"
{
#TRANS 1700 {} 251 20250630
#TRANS 3055 {} -251 20250630
}
#VER "45" "250411" 20250701 "28-250188 (#51512925)"
{
#TRANS 2970 {} -720 20250701
#TRANS 3055 {} 720 20250701
#TRANS 3740 {} 0 20250701
}
#VER "45" "250412" 20250701 "28-250189 (#51512927)"
{
#TRANS 2970 {} -960 20250701
#TRANS 3055 {} 960 20250701
#TRANS 3740 {} 0 20250701
}
#VER "45" "250413" 20250701 "28-250190 (#51512929)"
{
#TRANS 2970 {} -720 20250701
#TRANS 3055 {} 720 20250701
#TRANS 3740 {} 0 20250701
}
#VER "45" "250414" 20250701 "28-250191 (#51512931)"
{
#TRANS 2970 {} -720 20250701
#TRANS 3055 {} 720 20250701
#TRANS 3740 {} 0 20250701
}
#VER "45" "250415" 20250701 "28-250192 (#51512933)"
{
#TRANS 2970 {} -720 20250701
#TRANS 3055 {} 720 20250701
#TRANS 3740 {} 0 20250701
}
#VER "45" "250416" 20250701 "28-250193 (#51512935)"
{
#TRANS 2970 {} -720 20250701
#TRANS 3055 {} 720 20250701
#TRANS 3740 {} 0 20250701
}
#VER "45" "250417" 20250701 "28-250194 (#51512937)"
{
#TRANS 2970 {} -720 20250701
#TRANS 3055 {} 720 20250701
#TRANS 3740 {} 0 20250701
}
#VER "45" "250418" 20250701 "28-250195 (#51512939)"
{
#TRANS 2970 {} -720 20250701
#TRANS 3055 {} 720 20250701
#TRANS 3740 {} 0 20250701
}
#VER "45" "250419" 20250701 "28-250196 (#51512941)"
{
#TRANS 2970 {} -720 20250701
#TRANS 3055 {} 720 20250701
#TRANS 3740 {} 0 20250701
}
#VER "45" "250420" 20250701 "28-250197 (#51512943)"
{
#TRANS 2970 {} -720 20250701
#TRANS 3055 {} 720 20250701
#TRANS 3740 {} 0 20250701
}
#VER "45" "250421" 20250701 "28-250198 (#51512945)"
{
#TRANS 2970 {} -720 20250701
#TRANS 3055 {} 720 20250701
#TRANS 3740 {} 0 20250701
}
#VER "45" "250422" 20250701 "28-250199 (#51512947)"
{
#TRANS 2970 {} -720 20250701
#TRANS 3055 {} 720 20250701
#TRANS 3740 {} 0 20250701
}
#VER "45" "250423" 20250701 "28-250200 (#51512949)"
{
#TRANS 2970 {} -720 20250701
#TRANS 3055 {} 720 20250701
#TRANS 3740 {} 0 20250701
}
#VER "45" "250424" 20250701 "28-250201 (#51512951)"
{
#TRANS 2970 {} -720 20250701
#TRANS 3055 {} 720 20250701
#TRANS 3740 {} 0 20250701
}
#VER "45" "250425" 20250701 "28-250202 (#51512953)"
{
#TRANS 2970 {} -720 20250701
#TRANS 3055 {} 720 20250701
#TRANS 3740 {} 0 20250701
}
#VER "45" "250426" 20250701 "28-250203 (#51512955)"
{
#TRANS 2970 {} -720 20250701
#TRANS 3055 {} 720 20250701
#TRANS 3740 {} 0 20250701
}
#VER "45" "250427" 20250701 "28-250204 (#51512957)"
{
#TRANS 2970 {} -960 20250701
#TRANS 3055 {} 960 20250701
#TRANS 3740 {} 0 20250701
}
#VER "45" "250428" 20250701 "28-250205 (#51512959)"
{
#TRANS 2970 {} -960 20250701
#TRANS 3055 {} 960 20250701
#TRANS 3740 {} 0 20250701
}
#VER "45" "250429" 20250701 "28-250206 (#51512961)"
{
#TRANS 2970 {} -720 20250701
#TRANS 3055 {} 720 20250701
#TRANS 3740 {} 0 20250701
}
#VER "45" "250430" 20250701 "28-250207 (#51512963)"
{
#TRANS 2970 {} -720 20250701
#TRANS 3055 {} 720 20250701
#TRANS 3740 {} 0 20250701
}
#VER "45" "250431" 20250701 "28-250208 (#51512965)"
{
#TRANS 2970 {} -720 20250701
#TRANS 3055 {} 720 20250701
#TRANS 3740 {} 0 20250701
}
#VER "45" "250432" 20250701 "28-250209 (#51512967)"
{
#TRANS 2970 {} -720 20250701
#TRANS 3055 {} 720 20250701
#TRANS 3740 {} 0 20250701
}
#VER "45" "250433" 20250701 "28-250210 (#51512969)"
{
#TRANS 2970 {} -720 20250701
#TRANS 3055 {} 720 20250701
#TRANS 3740 {} 0 20250701
}
#VER "45" "250434" 20250701 "28-250211 (#51512971)"
{
#TRANS 2970 {} -720 20250701
#TRANS 3055 {} 720 20250701
#TRANS 3740 {} 0 20250701
}
#VER "45" "250435" 20250701 "28-250212 (#51512973)"
{
#TRANS 2970 {} -720 20250701
#TRANS 3055 {} 720 20250701
#TRANS 3740 {} 0 20250701
}
#VER "45" "250436" 20250701 "28-250213 (#51512975)"
{
#TRANS 2970 {} -720 20250701
#TRANS 3055 {} 720 20250701
#TRANS 3740 {} 0 20250701
}
#VER "45" "250437" 20250701 "28-250214 (#51512977)"
{
#TRANS 2970 {} -720 20250701
#TRANS 3055 {} 720 20250701
#TRANS 3740 {} 0 20250701
}
#VER "45" "250438" 20250701 "28-250215 (#51512979)"
{
#TRANS 2970 {} -960 20250701
#TRANS 3055 {} 960 20250701
#TRANS 3740 {} 0 20250701
}
#VER "45" "250439" 20250701 "28-250216 (#51512981)"
{
#TRANS 2970 {} -720 20250701
#TRANS 3055 {} 720 20250701
#TRANS 3740 {} 0 20250701
}
#VER "45" "250440" 20250701 "28-250217 (#51512983)"
{
#TRANS 2970 {} -720 20250701
#TRANS 3055 {} 720 20250701
#TRANS 3740 {} 0 20250701
}
#VER "45" "250441" 20250701 "28-250218 (#51512985)"
{
#TRANS 2970 {} -240 20250701
#TRANS 3055 {} 240 20250701
#TRANS 3740 {} 0 20250701
}
#VER "45" "250442" 20250701 "28-250219 (#51512987)"
{
#TRANS 2970 {} -240 20250701
#TRANS 3055 {} 240 20250701
#TRANS 3740 {} 0 20250701
}
#VER "45" "250443" 20250630 "25-250012 (#51918028)"
{
#TRANS 1700 {} 110585 20250630
#TRANS 3740 {} 0 20250630
#TRANS 5012 {} -110585 20250630
}
#VER "45" "250444" 20250731 "25-250012 (#51918028)"
{
#TRANS 1700 {} -36862 20250731
#TRANS 5012 {} 36862 20250731
}
#VER "45" "250445" 20250630 "25-250013 (#51918031)"
{
#TRANS 1700 {} -22117 20250630
#TRANS 3740 {} 0 20250630
#TRANS 5012 {} 22117 20250630
}
#VER "45" "250446" 20250731 "25-250013 (#51918031)"
{
#TRANS 1700 {} 7372 20250731
#TRANS 5012 {} -7372 20250731
}
#VER "45" "250447" 20250831 "25-240001 (#45722781)"
{
#TRANS 1713 {} -1627 20250831
#TRANS 6480 {} 1627 20250831
}
#VER "45" "250448" 20250831 "25-240002 (#46104464)"
{
#TRANS 1713 {} 1627 20250831
#TRANS 6480 {} -1627 20250831
}
#VER "45" "250449" 20250831 "18-250001 (#46437562)"
{
#TRANS 2513 {} -144 20250831
#TRANS 4805 {} 144 20250831
}
#VER "45" "250450" 20250831 "28-250177 (#51512902)"
{
#TRANS 2970 {} 720 20250831
#TRANS 3055 {} -720 20250831
}
#VER "45" "250451" 20250831 "28-250178 (#51512904)"
{
#TRANS 2970 {} 720 20250831
#TRANS 3055 {} -720 20250831
}
#VER "45" "250452" 20250831 "28-250179 (#51512906)"
{
#TRANS 2970 {} 720 20250831
#TRANS 3055 {} -720 20250831
}
#VER "45" "250453" 20250831 "28-250180 (#51512908)"
{
#TRANS 2970 {} 720 20250831
#TRANS 3055 {} -720 20250831
}
#VER "45" "250454" 20250831 "28-250181 (#51512910)"
{
#TRANS 2970 {} 720 20250831
#TRANS 3055 {} -720 20250831
}
#VER "45" "250455" 20250831 "28-250182 (#51512912)"
{
#TRANS 2970 {} 720 20250831
#TRANS 3055 {} -720 20250831
}
#VER "45" "250456" 20250831 "28-250183 (#51512914)"
{
#TRANS 2970 {} 720 20250831
#TRANS 3055 {} -720 20250831
}
#VER "45" "250457" 20250831 "28-250184 (#51512916)"
{
#TRANS 2970 {} 720 20250831
#TRANS 3055 {} -720 20250831
}
#VER "45" "250458" 20250831 "28-250185 (#51512918)"
{
#TRANS 2970 {} 720 20250831
#TRANS 3055 {} -720 20250831
}
#VER "45" "250459" 20250831 "28-250186 (#51512920)"
{
#TRANS 2970 {} 720 20250831
#TRANS 3055 {} -720 20250831
}
#VER "45" "250460" 20250831 "28-250187 (#51512922)"
{
#TRANS 2970 {} 720 20250831
#TRANS 3055 {} -720 20250831
}
#VER "45" "250461" 20250831 "28-250188 (#51512925)"
{
#TRANS 2970 {} 720 20250831
#TRANS 3055 {} -720 20250831
}
#VER "45" "250462" 20250831 "28-250189 (#51512927)"
{
#TRANS 2970 {} 960 20250831
#TRANS 3055 {} -960 20250831
}
#VER "45" "250463" 20250831 "28-250190 (#51512929)"
{
#TRANS 2970 {} 720 20250831
#TRANS 3055 {} -720 20250831
}
#VER "45" "250464" 20250831 "28-250191 (#51512931)"
{
#TRANS 2970 {} 720 20250831
#TRANS 3055 {} -720 20250831
}
#VER "45" "250465" 20250831 "28-250192 (#51512933)"
{
#TRANS 2970 {} 720 20250831
#TRANS 3055 {} -720 20250831
}
#VER "45" "250466" 20250831 "28-250193 (#51512935)"
{
#TRANS 2970 {} 720 20250831
#TRANS 3055 {} -720 20250831
}
#VER "45" "250467" 20250831 "28-250194 (#51512937)"
{
#TRANS 2970 {} 720 20250831
#TRANS 3055 {} -720 20250831
}
#VER "45" "250468" 20250831 "28-250195 (#51512939)"
{
#TRANS 2970 {} 720 20250831
#TRANS 3055 {} -720 20250831
}
#VER "45" "250469" 20250831 "28-250196 (#51512941)"
{
#TRANS 2970 {} 720 20250831
#TRANS 3055 {} -720 20250831
}
#VER "45" "250470" 20250831 "28-250197 (#51512943)"
{
#TRANS 2970 {} 720 20250831
#TRANS 3055 {} -720 20250831
}
#VER "45" "250471" 20250831 "28-250198 (#51512945)"
{
#TRANS 2970 {} 720 20250831
#TRANS 3055 {} -720 20250831
}
#VER "45" "250472" 20250831 "28-250199 (#51512947)"
{
#TRANS 2970 {} 720 20250831
#TRANS 3055 {} -720 20250831
}
#VER "45" "250473" 20250831 "28-250200 (#51512949)"
{
#TRANS 2970 {} 720 20250831
#TRANS 3055 {} -720 20250831
}
#VER "45" "250474" 20250831 "28-250201 (#51512951)"
{
#TRANS 2970 {} 720 20250831
#TRANS 3055 {} -720 20250831
}
#VER "45" "250475" 20250831 "28-250202 (#51512953)"
{
#TRANS 2970 {} 720 20250831
#TRANS 3055 {} -720 20250831
}
#VER "45" "250476" 20250831 "28-250203 (#51512955)"
{
#TRANS 2970 {} 720 20250831
#TRANS 3055 {} -720 20250831
}
#VER "45" "250477" 20250831 "28-250204 (#51512957)"
{
#TRANS 2970 {} 960 20250831
#TRANS 3055 {} -960 20250831
}
#VER "45" "250478" 20250831 "28-250205 (#51512959)"
{
#TRANS 2970 {} 960 20250831
#TRANS 3055 {} -960 20250831
}
#VER "45" "250479" 20250831 "28-250206 (#51512961)"
{
#TRANS 2970 {} 720 20250831
#TRANS 3055 {} -720 20250831
}
#VER "45" "250480" 20250831 "28-250207 (#51512963)"
{
#TRANS 2970 {} 720 20250831
#TRANS 3055 {} -720 20250831
}
#VER "45" "250481" 20250831 "28-250208 (#51512965)"
{
#TRANS 2970 {} 720 20250831
#TRANS 3055 {} -720 20250831
}
#VER "45" "250482" 20250831 "28-250209 (#51512967)"
{
#TRANS 2970 {} 720 20250831
#TRANS 3055 {} -720 20250831
}
#VER "45" "250483" 20250831 "28-250210 (#51512969)"
{
#TRANS 2970 {} 720 20250831
#TRANS 3055 {} -720 20250831
}
#VER "45" "250484" 20250831 "28-250211 (#51512971)"
{
#TRANS 2970 {} 720 20250831
#TRANS 3055 {} -720 20250831
}
#VER "45" "250485" 20250831 "28-250212 (#51512973)"
{
#TRANS 2970 {} 720 20250831
#TRANS 3055 {} -720 20250831
}
#VER "45" "250486" 20250831 "28-250213 (#51512975)"
{
#TRANS 2970 {} 720 20250831
#TRANS 3055 {} -720 20250831
}
#VER "45" "250487" 20250831 "28-250214 (#51512977)"
{
#TRANS 2970 {} 720 20250831
#TRANS 3055 {} -720 20250831
}
#VER "45" "250488" 20250831 "28-250215 (#51512979)"
{
#TRANS 2970 {} 960 20250831
#TRANS 3055 {} -960 20250831
}
#VER "45" "250489" 20250831 "28-250216 (#51512981)"
{
#TRANS 2970 {} 720 20250831
#TRANS 3055 {} -720 20250831
}
#VER "45" "250490" 20250831 "28-250217 (#51512983)"
{
#TRANS 2970 {} 720 20250831
#TRANS 3055 {} -720 20250831
}
#VER "45" "250491" 20250831 "28-250218 (#51512985)"
{
#TRANS 2970 {} 240 20250831
#TRANS 3055 {} -240 20250831
}
#VER "45" "250492" 20250831 "28-250219 (#51512987)"
{
#TRANS 2970 {} 240 20250831
#TRANS 3055 {} -240 20250831
}
#VER "45" "250493" 20250831 "25-250012 (#51918028)"
{
#TRANS 1700 {} -36862 20250831
#TRANS 5012 {} 36862 20250831
}
#VER "45" "250494" 20250831 "25-250013 (#51918031)"
{
#TRANS 1700 {} 7372 20250831
#TRANS 5012 {} -7372 20250831
}
#VER "45" "250495" 20250806 "28-250221 (#52698193)"
{
#TRANS 2970 {} -720 20250806
#TRANS 3055 {} 720 20250806
#TRANS 3740 {} 0 20250806
}
#VER "45" "250496" 20250806 "28-250222 (#52698195)"
{
#TRANS 2970 {} -720 20250806
#TRANS 3055 {} 720 20250806
#TRANS 3740 {} 0 20250806
}
#VER "45" "250497" 20250806 "28-250223 (#52698197)"
{
#TRANS 2970 {} -720 20250806
#TRANS 3055 {} 720 20250806
#TRANS 3740 {} 0 20250806
}
#VER "45" "250498" 20250806 "28-250224 (#52698199)"
{
#TRANS 2970 {} -720 20250806
#TRANS 3055 {} 720 20250806
#TRANS 3740 {} 0 20250806
}
#VER "45" "250499" 20250806 "28-250225 (#52698201)"
{
#TRANS 2970 {} -720 20250806
#TRANS 3055 {} 720 20250806
#TRANS 3740 {} 0 20250806
}
#VER "45" "250500" 20250806 "28-250226 (#52698203)"
{
#TRANS 2970 {} -720 20250806
#TRANS 3055 {} 720 20250806
#TRANS 3740 {} 0 20250806
}
#VER "45" "250501" 20250806 "28-250227 (#52698205)"
{
#TRANS 2970 {} -720 20250806
#TRANS 3055 {} 720 20250806
#TRANS 3740 {} 0 20250806
}
#VER "45" "250502" 20250806 "28-250228 (#52698207)"
{
#TRANS 2970 {} -720 20250806
#TRANS 3055 {} 720 20250806
#TRANS 3740 {} 0 20250806
}
#VER "45" "250503" 20250806 "28-250229 (#52698209)"
{
#TRANS 2970 {} -720 20250806
#TRANS 3055 {} 720 20250806
#TRANS 3740 {} 0 20250806
}
#VER "45" "250504" 20250806 "28-250230 (#52698211)"
{
#TRANS 2970 {} -720 20250806
#TRANS 3055 {} 720 20250806
#TRANS 3740 {} 0 20250806
}
#VER "45" "250505" 20250806 "28-250231 (#52698213)"
{
#TRANS 2970 {} -720 20250806
#TRANS 3055 {} 720 20250806
#TRANS 3740 {} 0 20250806
}
#VER "45" "250506" 20250806 "28-250232 (#52698215)"
{
#TRANS 2970 {} -720 20250806
#TRANS 3055 {} 720 20250806
#TRANS 3740 {} 0 20250806
}
#VER "45" "250507" 20250806 "28-250233 (#52698217)"
{
#TRANS 2970 {} -720 20250806
#TRANS 3055 {} 720 20250806
#TRANS 3740 {} 0 20250806
}
#VER "45" "250508" 20250806 "28-250234 (#52698219)"
{
#TRANS 2970 {} -720 20250806
#TRANS 3055 {} 720 20250806
#TRANS 3740 {} 0 20250806
}
#VER "45" "250509" 20250806 "28-250235 (#52698221)"
{
#TRANS 2970 {} -960 20250806
#TRANS 3055 {} 960 20250806
#TRANS 3740 {} 0 20250806
}
#VER "45" "250510" 20250806 "28-250236 (#52698223)"
{
#TRANS 2970 {} -720 20250806
#TRANS 3055 {} 720 20250806
#TRANS 3740 {} 0 20250806
}
#VER "45" "250511" 20250806 "28-250237 (#52698225)"
{
#TRANS 2970 {} -720 20250806
#TRANS 3055 {} 720 20250806
#TRANS 3740 {} 0 20250806
}
#VER "45" "250512" 20250806 "28-250238 (#52698227)"
{
#TRANS 2970 {} -720 20250806
#TRANS 3055 {} 720 20250806
#TRANS 3740 {} 0 20250806
}
#VER "45" "250513" 20250806 "28-250239 (#52698229)"
{
#TRANS 2970 {} -720 20250806
#TRANS 3055 {} 720 20250806
#TRANS 3740 {} 0 20250806
}
#VER "45" "250514" 20250806 "28-250240 (#52698231)"
{
#TRANS 2970 {} -720 20250806
#TRANS 3055 {} 720 20250806
#TRANS 3740 {} 0 20250806
}
#VER "45" "250515" 20250806 "28-250241 (#52698233)"
{
#TRANS 2970 {} -720 20250806
#TRANS 3055 {} 720 20250806
#TRANS 3740 {} 0 20250806
}
#VER "45" "250516" 20250806 "28-250242 (#52698236)"
{
#TRANS 2970 {} -720 20250806
#TRANS 3055 {} 720 20250806
#TRANS 3740 {} 0 20250806
}
#VER "45" "250517" 20250806 "28-250243 (#52698238)"
{
#TRANS 2970 {} -720 20250806
#TRANS 3055 {} 720 20250806
#TRANS 3740 {} 0 20250806
}
#VER "45" "250518" 20250806 "28-250244 (#52698240)"
{
#TRANS 2970 {} -720 20250806
#TRANS 3055 {} 720 20250806
#TRANS 3740 {} 0 20250806
}
#VER "45" "250519" 20250806 "28-250245 (#52698242)"
{
#TRANS 2970 {} -720 20250806
#TRANS 3055 {} 720 20250806
#TRANS 3740 {} 0 20250806
}
#VER "45" "250520" 20250806 "28-250246 (#52698244)"
{
#TRANS 2970 {} -720 20250806
#TRANS 3055 {} 720 20250806
#TRANS 3740 {} 0 20250806
}
#VER "45" "250521" 20250806 "28-250247 (#52698246)"
{
#TRANS 2970 {} -720 20250806
#TRANS 3055 {} 720 20250806
#TRANS 3740 {} 0 20250806
}
#VER "45" "250522" 20250806 "28-250248 (#52698248)"
{
#TRANS 2970 {} -720 20250806
#TRANS 3055 {} 720 20250806
#TRANS 3740 {} 0 20250806
}
#VER "45" "250523" 20250806 "28-250249 (#52698250)"
{
#TRANS 2970 {} -720 20250806
#TRANS 3055 {} 720 20250806
#TRANS 3740 {} 0 20250806
}
#VER "45" "250524" 20250806 "28-250250 (#52698252)"
{
#TRANS 2970 {} -960 20250806
#TRANS 3055 {} 960 20250806
#TRANS 3740 {} 0 20250806
}
#VER "45" "250525" 20250806 "28-250251 (#52698254)"
{
#TRANS 2970 {} -960 20250806
#TRANS 3055 {} 960 20250806
#TRANS 3740 {} 0 20250806
}
#VER "45" "250526" 20250806 "28-250252 (#52698256)"
{
#TRANS 2970 {} -720 20250806
#TRANS 3055 {} 720 20250806
#TRANS 3740 {} 0 20250806
}
#VER "45" "250527" 20250806 "28-250253 (#52698258)"
{
#TRANS 2970 {} -720 20250806
#TRANS 3055 {} 720 20250806
#TRANS 3740 {} 0 20250806
}
#VER "45" "250528" 20250806 "28-250254 (#52698260)"
{
#TRANS 2970 {} -720 20250806
#TRANS 3055 {} 720 20250806
#TRANS 3740 {} 0 20250806
}
#VER "45" "250529" 20250806 "28-250255 (#52698262)"
{
#TRANS 2970 {} -720 20250806
#TRANS 3055 {} 720 20250806
#TRANS 3740 {} 0 20250806
}
#VER "45" "250530" 20250806 "28-250256 (#52698264)"
{
#TRANS 2970 {} -720 20250806
#TRANS 3055 {} 720 20250806
#TRANS 3740 {} 0 20250806
}
#VER "45" "250531" 20250806 "28-250257 (#52698266)"
{
#TRANS 2970 {} -720 20250806
#TRANS 3055 {} 720 20250806
#TRANS 3740 {} 0 20250806
}
#VER "45" "250532" 20250806 "28-250258 (#52698268)"
{
#TRANS 2970 {} -720 20250806
#TRANS 3055 {} 720 20250806
#TRANS 3740 {} 0 20250806
}
#VER "45" "250533" 20250806 "28-250259 (#52698270)"
{
#TRANS 2970 {} -720 20250806
#TRANS 3055 {} 720 20250806
#TRANS 3740 {} 0 20250806
}
#VER "45" "250534" 20250806 "28-250260 (#52698272)"
{
#TRANS 2970 {} -720 20250806
#TRANS 3055 {} 720 20250806
#TRANS 3740 {} 0 20250806
}
#VER "45" "250535" 20250806 "28-250261 (#52698274)"
{
#TRANS 2970 {} -960 20250806
#TRANS 3055 {} 960 20250806
#TRANS 3740 {} 0 20250806
}
#VER "45" "250536" 20250806 "28-250262 (#52698276)"
{
#TRANS 2970 {} -720 20250806
#TRANS 3055 {} 720 20250806
#TRANS 3740 {} 0 20250806
}
#VER "45" "250537" 20250806 "28-250263 (#52698278)"
{
#TRANS 2970 {} -720 20250806
#TRANS 3055 {} 720 20250806
#TRANS 3740 {} 0 20250806
}
#VER "45" "250538" 20250806 "28-250264 (#52698280)"
{
#TRANS 2970 {} -240 20250806
#TRANS 3055 {} 240 20250806
#TRANS 3740 {} 0 20250806
}
#VER "45" "250539" 20250806 "28-250265 (#52698282)"
{
#TRANS 2970 {} -240 20250806
#TRANS 3055 {} 240 20250806
#TRANS 3740 {} 0 20250806
}
#VER "45" "250540" 20250404 "25-250017 (#52778372)"
{
#TRANS 1700 {} -14745 20250404
#TRANS 3740 {} 0 20250404
#TRANS 5012 {} 14745 20250404
}
#VER "45" "250541" 20250531 "25-250017 (#52778372)"
{
#TRANS 1700 {} 7372 20250531
#TRANS 5012 {} -7372 20250531
}
#VER "45" "250542" 20250630 "25-250017 (#52778372)"
{
#TRANS 1700 {} 7373 20250630
#TRANS 5012 {} -7373 20250630
}
#VER "45" "250543" 20250307 "25-250018 (#52778378)"
{
#TRANS 1700 {} -22117 20250307
#TRANS 3740 {} 0 20250307
#TRANS 5012 {} 22117 20250307
}
#VER "45" "250544" 20250430 "25-250018 (#52778378)"
{
#TRANS 1700 {} 7372 20250430
#TRANS 5012 {} -7372 20250430
}
#VER "45" "250545" 20250531 "25-250018 (#52778378)"
{
#TRANS 1700 {} 7372 20250531
#TRANS 5012 {} -7372 20250531
}
#VER "45" "250546" 20250630 "25-250018 (#52778378)"
{
#TRANS 1700 {} 7373 20250630
#TRANS 5012 {} -7373 20250630
}
#VER "45" "250547" 20250930 "25-240001 (#45722781)"
{
#TRANS 1713 {} -1627 20250930
#TRANS 6480 {} 1627 20250930
}
#VER "45" "250548" 20250930 "25-240002 (#46104464)"
{
#TRANS 1713 {} 1627 20250930
#TRANS 6480 {} -1627 20250930
}
#VER "45" "250549" 20250930 "18-250001 (#46437562)"
{
#TRANS 2513 {} -144 20250930
#TRANS 4805 {} 144 20250930
}
#VER "45" "250550" 20250930 "25-250012 (#51918028)"
{
#TRANS 1700 {} -36861 20250930
#TRANS 5012 {} 36861 20250930
}
#VER "45" "250551" 20250930 "25-250013 (#51918031)"
{
#TRANS 1700 {} 7373 20250930
#TRANS 5012 {} -7373 20250930
}
#VER "45" "250552" 20250930 "28-250221 (#52698193)"
{
#TRANS 2970 {} 720 20250930
#TRANS 3055 {} -720 20250930
}
#VER "45" "250553" 20250930 "28-250222 (#52698195)"
{
#TRANS 2970 {} 720 20250930
#TRANS 3055 {} -720 20250930
}
#VER "45" "250554" 20250930 "28-250223 (#52698197)"
{
#TRANS 2970 {} 720 20250930
#TRANS 3055 {} -720 20250930
}
#VER "45" "250555" 20250930 "28-250224 (#52698199)"
{
#TRANS 2970 {} 720 20250930
#TRANS 3055 {} -720 20250930
}
#VER "45" "250556" 20250930 "28-250225 (#52698201)"
{
#TRANS 2970 {} 720 20250930
#TRANS 3055 {} -720 20250930
}
#VER "45" "250557" 20250930 "28-250226 (#52698203)"
{
#TRANS 2970 {} 720 20250930
#TRANS 3055 {} -720 20250930
}
#VER "45" "250558" 20250930 "28-250227 (#52698205)"
{
#TRANS 2970 {} 720 20250930
#TRANS 3055 {} -720 20250930
}
#VER "45" "250559" 20250930 "28-250228 (#52698207)"
{
#TRANS 2970 {} 720 20250930
#TRANS 3055 {} -720 20250930
}
#VER "45" "250560" 20250930 "28-250229 (#52698209)"
{
#TRANS 2970 {} 720 20250930
#TRANS 3055 {} -720 20250930
}
#VER "45" "250561" 20250930 "28-250230 (#52698211)"
{
#TRANS 2970 {} 720 20250930
#TRANS 3055 {} -720 20250930
}
#VER "45" "250562" 20250930 "28-250231 (#52698213)"
{
#TRANS 2970 {} 720 20250930
#TRANS 3055 {} -720 20250930
}
#VER "45" "250563" 20250930 "28-250232 (#52698215)"
{
#TRANS 2970 {} 720 20250930
#TRANS 3055 {} -720 20250930
}
#VER "45" "250564" 20250930 "28-250233 (#52698217)"
{
#TRANS 2970 {} 720 20250930
#TRANS 3055 {} -720 20250930
}
#VER "45" "250565" 20250930 "28-250234 (#52698219)"
{
#TRANS 2970 {} 720 20250930
#TRANS 3055 {} -720 20250930
}
#VER "45" "250566" 20250930 "28-250235 (#52698221)"
{
#TRANS 2970 {} 960 20250930
#TRANS 3055 {} -960 20250930
}
#VER "45" "250567" 20250930 "28-250236 (#52698223)"
{
#TRANS 2970 {} 720 20250930
#TRANS 3055 {} -720 20250930
}
#VER "45" "250568" 20250930 "28-250237 (#52698225)"
{
#TRANS 2970 {} 720 20250930
#TRANS 3055 {} -720 20250930
}
#VER "45" "250569" 20250930 "28-250238 (#52698227)"
{
#TRANS 2970 {} 720 20250930
#TRANS 3055 {} -720 20250930
}
#VER "45" "250570" 20250930 "28-250239 (#52698229)"
{
#TRANS 2970 {} 720 20250930
#TRANS 3055 {} -720 20250930
}
#VER "45" "250571" 20250930 "28-250240 (#52698231)"
{
#TRANS 2970 {} 720 20250930
#TRANS 3055 {} -720 20250930
}
#VER "45" "250572" 20250930 "28-250241 (#52698233)"
{
#TRANS 2970 {} 720 20250930
#TRANS 3055 {} -720 20250930
}
#VER "45" "250573" 20250930 "28-250242 (#52698236)"
{
#TRANS 2970 {} 720 20250930
#TRANS 3055 {} -720 20250930
}
#VER "45" "250574" 20250930 "28-250243 (#52698238)"
{
#TRANS 2970 {} 720 20250930
#TRANS 3055 {} -720 20250930
}
#VER "45" "250575" 20250930 "28-250244 (#52698240)"
{
#TRANS 2970 {} 720 20250930
#TRANS 3055 {} -720 20250930
}
#VER "45" "250576" 20250930 "28-250245 (#52698242)"
{
#TRANS 2970 {} 720 20250930
#TRANS 3055 {} -720 20250930
}
#VER "45" "250577" 20250930 "28-250246 (#52698244)"
{
#TRANS 2970 {} 720 20250930
#TRANS 3055 {} -720 20250930
}
#VER "45" "250578" 20250930 "28-250247 (#52698246)"
{
#TRANS 2970 {} 720 20250930
#TRANS 3055 {} -720 20250930
}
#VER "45" "250579" 20250930 "28-250248 (#52698248)"
{
#TRANS 2970 {} 720 20250930
#TRANS 3055 {} -720 20250930
}
#VER "45" "250580" 20250930 "28-250249 (#52698250)"
{
#TRANS 2970 {} 720 20250930
#TRANS 3055 {} -720 20250930
}
#VER "45" "250581" 20250930 "28-250250 (#52698252)"
{
#TRANS 2970 {} 960 20250930
#TRANS 3055 {} -960 20250930
}
#VER "45" "250582" 20250930 "28-250251 (#52698254)"
{
#TRANS 2970 {} 960 20250930
#TRANS 3055 {} -960 20250930
}
#VER "45" "250583" 20250930 "28-250252 (#52698256)"
{
#TRANS 2970 {} 720 20250930
#TRANS 3055 {} -720 20250930
}
#VER "45" "250584" 20250930 "28-250253 (#52698258)"
{
#TRANS 2970 {} 720 20250930
#TRANS 3055 {} -720 20250930
}
#VER "45" "250585" 20250930 "28-250254 (#52698260)"
{
#TRANS 2970 {} 720 20250930
#TRANS 3055 {} -720 20250930
}
#VER "45" "250586" 20250930 "28-250255 (#52698262)"
{
#TRANS 2970 {} 720 20250930
#TRANS 3055 {} -720 20250930
}
#VER "45" "250587" 20250930 "28-250256 (#52698264)"
{
#TRANS 2970 {} 720 20250930
#TRANS 3055 {} -720 20250930
}
#VER "45" "250588" 20250930 "28-250257 (#52698266)"
{
#TRANS 2970 {} 720 20250930
#TRANS 3055 {} -720 20250930
}
#VER "45" "250589" 20250930 "28-250258 (#52698268)"
{
#TRANS 2970 {} 720 20250930
#TRANS 3055 {} -720 20250930
}
#VER "45" "250590" 20250930 "28-250259 (#52698270)"
{
#TRANS 2970 {} 720 20250930
#TRANS 3055 {} -720 20250930
}
#VER "45" "250591" 20250930 "28-250260 (#52698272)"
{
#TRANS 2970 {} 720 20250930
#TRANS 3055 {} -720 20250930
}
#VER "45" "250592" 20250930 "28-250261 (#52698274)"
{
#TRANS 2970 {} 960 20250930
#TRANS 3055 {} -960 20250930
}
#VER "45" "250593" 20250930 "28-250262 (#52698276)"
{
#TRANS 2970 {} 720 20250930
#TRANS 3055 {} -720 20250930
}
#VER "45" "250594" 20250930 "28-250263 (#52698278)"
{
#TRANS 2970 {} 720 20250930
#TRANS 3055 {} -720 20250930
}
#VER "45" "250595" 20250930 "28-250264 (#52698280)"
{
#TRANS 2970 {} 240 20250930
#TRANS 3055 {} -240 20250930
}
#VER "45" "250596" 20250930 "28-250265 (#52698282)"
{
#TRANS 2970 {} 240 20250930
#TRANS 3055 {} -240 20250930
}
#VER "45" "250597" 20250904 "28-250266 (#53331354)"
{
#TRANS 1700 {} -93 20250904
#TRANS 2970 {} -720 20250904
#TRANS 3055 {} 93 20250904
#TRANS 3055 {} 720 20250904
#TRANS 3740 {} 0 20250904
}
#VER "45" "250598" 20250831 "28-250266 (#53331354)"
{
#TRANS 1700 {} 93 20250831
#TRANS 3055 {} -93 20250831
}
#VER "45" "250599" 20250904 "28-250267 (#53331362)"
{
#TRANS 2970 {} -720 20250904
#TRANS 3055 {} 720 20250904
#TRANS 3740 {} 0 20250904
}
#VER "45" "250600" 20250904 "28-250268 (#53331365)"
{
#TRANS 2970 {} -720 20250904
#TRANS 3055 {} 720 20250904
#TRANS 3740 {} 0 20250904
}
#VER "45" "250601" 20250904 "28-250269 (#53331371)"
{
#TRANS 2970 {} -720 20250904
#TRANS 3055 {} 720 20250904
#TRANS 3740 {} 0 20250904
}
#VER "45" "250602" 20250904 "28-250270 (#53331378)"
{
#TRANS 2970 {} -720 20250904
#TRANS 3055 {} 720 20250904
#TRANS 3740 {} 0 20250904
}
#VER "45" "250603" 20250904 "28-250271 (#53331383)"
{
#TRANS 2970 {} -720 20250904
#TRANS 3055 {} 720 20250904
#TRANS 3740 {} 0 20250904
}
#VER "45" "250604" 20250904 "28-250272 (#53331391)"
{
#TRANS 2970 {} -720 20250904
#TRANS 3055 {} 720 20250904
#TRANS 3740 {} 0 20250904
}
#VER "45" "250605" 20250904 "28-250273 (#53331396)"
{
#TRANS 2970 {} -720 20250904
#TRANS 3055 {} 720 20250904
#TRANS 3740 {} 0 20250904
}
#VER "45" "250606" 20250904 "28-250274 (#53331401)"
{
#TRANS 2970 {} -720 20250904
#TRANS 3055 {} 720 20250904
#TRANS 3740 {} 0 20250904
}
#VER "45" "250607" 20250904 "28-250275 (#53331407)"
{
#TRANS 2970 {} -720 20250904
#TRANS 3055 {} 720 20250904
#TRANS 3740 {} 0 20250904
}
#VER "45" "250608" 20250904 "28-250276 (#53331413)"
{
#TRANS 2970 {} -720 20250904
#TRANS 3055 {} 720 20250904
#TRANS 3740 {} 0 20250904
}
#VER "45" "250609" 20250904 "28-250277 (#53331418)"
{
#TRANS 2970 {} -720 20250904
#TRANS 3055 {} 720 20250904
#TRANS 3740 {} 0 20250904
}
#VER "45" "250610" 20250904 "28-250278 (#53331423)"
{
#TRANS 2970 {} -720 20250904
#TRANS 3055 {} 720 20250904
#TRANS 3740 {} 0 20250904
}
#VER "45" "250611" 20250904 "28-250279 (#53331428)"
{
#TRANS 2970 {} -720 20250904
#TRANS 3055 {} 720 20250904
#TRANS 3740 {} 0 20250904
}
#VER "45" "250612" 20250904 "28-250280 (#53331433)"
{
#TRANS 2970 {} -720 20250904
#TRANS 3055 {} 720 20250904
#TRANS 3740 {} 0 20250904
}
#VER "45" "250613" 20250904 "28-250281 (#53331440)"
{
#TRANS 2970 {} -960 20250904
#TRANS 3055 {} 960 20250904
#TRANS 3740 {} 0 20250904
}
#VER "45" "250614" 20250904 "28-250282 (#53331445)"
{
#TRANS 2970 {} -720 20250904
#TRANS 3055 {} 720 20250904
#TRANS 3740 {} 0 20250904
}
#VER "45" "250615" 20250904 "28-250283 (#53331448)"
{
#TRANS 2970 {} -720 20250904
#TRANS 3055 {} 720 20250904
#TRANS 3740 {} 0 20250904
}
#VER "45" "250616" 20250904 "28-250284 (#53331452)"
{
#TRANS 2970 {} -720 20250904
#TRANS 3055 {} 720 20250904
#TRANS 3740 {} 0 20250904
}
#VER "45" "250617" 20250904 "28-250285 (#53331455)"
{
#TRANS 2970 {} -720 20250904
#TRANS 3055 {} 720 20250904
#TRANS 3740 {} 0 20250904
}
#VER "45" "250618" 20250904 "28-250286 (#53331459)"
{
#TRANS 2970 {} -720 20250904
#TRANS 3055 {} 720 20250904
#TRANS 3740 {} 0 20250904
}
#VER "45" "250619" 20250904 "28-250287 (#53331463)"
{
#TRANS 2970 {} -720 20250904
#TRANS 3055 {} 720 20250904
#TRANS 3740 {} 0 20250904
}
#VER "45" "250620" 20250904 "28-250288 (#53331468)"
{
#TRANS 2970 {} -720 20250904
#TRANS 3055 {} 720 20250904
#TRANS 3740 {} 0 20250904
}
#VER "45" "250621" 20250904 "28-250289 (#53331473)"
{
#TRANS 2970 {} -720 20250904
#TRANS 3055 {} 720 20250904
#TRANS 3740 {} 0 20250904
}
#VER "45" "250622" 20250904 "28-250290 (#53331479)"
{
#TRANS 2970 {} -720 20250904
#TRANS 3055 {} 720 20250904
#TRANS 3740 {} 0 20250904
}
#VER "45" "250623" 20250904 "28-250291 (#53331485)"
{
#TRANS 1700 {} -379 20250904
#TRANS 2970 {} -720 20250904
#TRANS 3055 {} 720 20250904
#TRANS 3124 {} 379 20250904
#TRANS 3740 {} 0 20250904
}
#VER "45" "250624" 20250630 "28-250291 (#53331485)"
{
#TRANS 1700 {} 190 20250630
#TRANS 3124 {} -190 20250630
}
#VER "45" "250625" 20250731 "28-250291 (#53331485)"
{
#TRANS 1700 {} 189 20250731
#TRANS 3124 {} -189 20250731
}
#VER "45" "250626" 20250904 "28-250292 (#53331496)"
{
#TRANS 2970 {} -720 20250904
#TRANS 3055 {} 720 20250904
#TRANS 3740 {} 0 20250904
}
#VER "45" "250627" 20250904 "28-250293 (#53331502)"
{
#TRANS 2970 {} -720 20250904
#TRANS 3055 {} 720 20250904
#TRANS 3740 {} 0 20250904
}
#VER "45" "250628" 20250904 "28-250294 (#53331508)"
{
#TRANS 2970 {} -720 20250904
#TRANS 3055 {} 720 20250904
#TRANS 3740 {} 0 20250904
}
#VER "45" "250629" 20250904 "28-250295 (#53331513)"
{
#TRANS 2970 {} -720 20250904
#TRANS 3055 {} 720 20250904
#TRANS 3740 {} 0 20250904
}
#VER "45" "250630" 20250904 "28-250296 (#53331521)"
{
#TRANS 2970 {} -960 20250904
#TRANS 3055 {} 960 20250904
#TRANS 3740 {} 0 20250904
}
#VER "45" "250631" 20250904 "28-250297 (#53331528)"
{
#TRANS 2970 {} -960 20250904
#TRANS 3055 {} 960 20250904
#TRANS 3740 {} 0 20250904
}
#VER "45" "250632" 20250904 "28-250298 (#53331532)"
{
#TRANS 2970 {} -720 20250904
#TRANS 3055 {} 720 20250904
#TRANS 3740 {} 0 20250904
}
#VER "45" "250633" 20250904 "28-250299 (#53331538)"
{
#TRANS 2970 {} -720 20250904
#TRANS 3055 {} 720 20250904
#TRANS 3740 {} 0 20250904
}
#VER "45" "250634" 20250904 "28-250300 (#53331545)"
{
#TRANS 2970 {} -720 20250904
#TRANS 3055 {} 720 20250904
#TRANS 3740 {} 0 20250904
}
#VER "45" "250635" 20250904 "28-250301 (#53331549)"
{
#TRANS 2970 {} -720 20250904
#TRANS 3055 {} 720 20250904
#TRANS 3740 {} 0 20250904
}
#VER "45" "250636" 20250904 "28-250302 (#53331554)"
{
#TRANS 2970 {} -720 20250904
#TRANS 3055 {} 720 20250904
#TRANS 3740 {} 0 20250904
}
#VER "45" "250637" 20250904 "28-250303 (#53331560)"
{
#TRANS 1700 {} -420 20250904
#TRANS 2970 {} -720 20250904
#TRANS 3055 {} 720 20250904
#TRANS 3124 {} 420 20250904
#TRANS 3740 {} 0 20250904
}
#VER "45" "250638" 20250630 "28-250303 (#53331560)"
{
#TRANS 1700 {} 210 20250630
#TRANS 3124 {} -210 20250630
}
#VER "45" "250639" 20250731 "28-250303 (#53331560)"
{
#TRANS 1700 {} 210 20250731
#TRANS 3124 {} -210 20250731
}
#VER "45" "250640" 20250904 "28-250304 (#53331570)"
{
#TRANS 2970 {} -720 20250904
#TRANS 3055 {} 720 20250904
#TRANS 3740 {} 0 20250904
}
#VER "45" "250641" 20250904 "28-250305 (#53331576)"
{
#TRANS 2970 {} -720 20250904
#TRANS 3055 {} 720 20250904
#TRANS 3740 {} 0 20250904
}
#VER "45" "250642" 20250904 "28-250306 (#53331581)"
{
#TRANS 1700 {} -694 20250904
#TRANS 2970 {} -720 20250904
#TRANS 3055 {} 720 20250904
#TRANS 3124 {} 694 20250904
#TRANS 3740 {} 0 20250904
}
#VER "45" "250643" 20250630 "28-250306 (#53331581)"
{
#TRANS 1700 {} 347 20250630
#TRANS 3124 {} -347 20250630
}
#VER "45" "250644" 20250731 "28-250306 (#53331581)"
{
#TRANS 1700 {} 347 20250731
#TRANS 3124 {} -347 20250731
}
#VER "45" "250645" 20250904 "28-250307 (#53331591)"
{
#TRANS 1700 {} -777 20250904
#TRANS 2970 {} -960 20250904
#TRANS 3055 {} 960 20250904
#TRANS 3124 {} 777 20250904
#TRANS 3740 {} 0 20250904
}
#VER "45" "250646" 20250630 "28-250307 (#53331591)"
{
#TRANS 1700 {} 389 20250630
#TRANS 3124 {} -389 20250630
}
#VER "45" "250647" 20250731 "28-250307 (#53331591)"
{
#TRANS 1700 {} 388 20250731
#TRANS 3124 {} -388 20250731
}
#VER "45" "250648" 20250904 "28-250308 (#53331600)"
{
#TRANS 1700 {} -1026 20250904
#TRANS 2970 {} -720 20250904
#TRANS 3055 {} 720 20250904
#TRANS 3124 {} 1026 20250904
#TRANS 3740 {} 0 20250904
}
#VER "45" "250649" 20250630 "28-250308 (#53331600)"
{
#TRANS 1700 {} 513 20250630
#TRANS 3124 {} -513 20250630
}
#VER "45" "250650" 20250731 "28-250308 (#53331600)"
{
#TRANS 1700 {} 513 20250731
#TRANS 3124 {} -513 20250731
}
#VER "45" "250651" 20250904 "28-250309 (#53331610)"
{
#TRANS 2970 {} -720 20250904
#TRANS 3055 {} 720 20250904
#TRANS 3740 {} 0 20250904
}
#VER "45" "250652" 20250904 "28-250310 (#53331614)"
{
#TRANS 2970 {} -240 20250904
#TRANS 3055 {} 240 20250904
#TRANS 3740 {} 0 20250904
}
#VER "45" "250653" 20250904 "28-250311 (#53331621)"
{
#TRANS 2970 {} -240 20250904
#TRANS 3055 {} 240 20250904
#TRANS 3740 {} 0 20250904
}
#VER "45" "250654" 20251031 "25-240001 (#45722781)"
{
#TRANS 1713 {} -1627 20251031
#TRANS 6480 {} 1627 20251031
}
#VER "45" "250655" 20251031 "25-240002 (#46104464)"
{
#TRANS 1713 {} 1627 20251031
#TRANS 6480 {} -1627 20251031
}
#VER "45" "250656" 20251031 "18-250001 (#46437562)"
{
#TRANS 2513 {} -144 20251031
#TRANS 4805 {} 144 20251031
}
#VER "45" "250657" 20251031 "28-250266 (#53331354)"
{
#TRANS 2970 {} 720 20251031
#TRANS 3055 {} -720 20251031
}
#VER "45" "250658" 20251031 "28-250267 (#53331362)"
{
#TRANS 2970 {} 720 20251031
#TRANS 3055 {} -720 20251031
}
#VER "45" "250659" 20251031 "28-250268 (#53331365)"
{
#TRANS 2970 {} 720 20251031
#TRANS 3055 {} -720 20251031
}
#VER "45" "250660" 20251031 "28-250269 (#53331371)"
{
#TRANS 2970 {} 720 20251031
#TRANS 3055 {} -720 20251031
}
#VER "45" "250661" 20251031 "28-250270 (#53331378)"
{
#TRANS 2970 {} 720 20251031
#TRANS 3055 {} -720 20251031
}
#VER "45" "250662" 20251031 "28-250271 (#53331383)"
{
#TRANS 2970 {} 720 20251031
#TRANS 3055 {} -720 20251031
}
#VER "45" "250663" 20251031 "28-250272 (#53331391)"
{
#TRANS 2970 {} 720 20251031
#TRANS 3055 {} -720 20251031
}
#VER "45" "250664" 20251031 "28-250273 (#53331396)"
{
#TRANS 2970 {} 720 20251031
#TRANS 3055 {} -720 20251031
}
#VER "45" "250665" 20251031 "28-250274 (#53331401)"
{
#TRANS 2970 {} 720 20251031
#TRANS 3055 {} -720 20251031
}
#VER "45" "250666" 20251031 "28-250275 (#53331407)"
{
#TRANS 2970 {} 720 20251031
#TRANS 3055 {} -720 20251031
}
#VER "45" "250667" 20251031 "28-250276 (#53331413)"
{
#TRANS 2970 {} 720 20251031
#TRANS 3055 {} -720 20251031
}
#VER "45" "250668" 20251031 "28-250277 (#53331418)"
{
#TRANS 2970 {} 720 20251031
#TRANS 3055 {} -720 20251031
}
#VER "45" "250669" 20251031 "28-250278 (#53331423)"
{
#TRANS 2970 {} 720 20251031
#TRANS 3055 {} -720 20251031
}
#VER "45" "250670" 20251031 "28-250279 (#53331428)"
{
#TRANS 2970 {} 720 20251031
#TRANS 3055 {} -720 20251031
}
#VER "45" "250671" 20251031 "28-250280 (#53331433)"
{
#TRANS 2970 {} 720 20251031
#TRANS 3055 {} -720 20251031
}
#VER "45" "250672" 20251031 "28-250281 (#53331440)"
{
#TRANS 2970 {} 960 20251031
#TRANS 3055 {} -960 20251031
}
#VER "45" "250673" 20251031 "28-250282 (#53331445)"
{
#TRANS 2970 {} 720 20251031
#TRANS 3055 {} -720 20251031
}
#VER "45" "250674" 20251031 "28-250283 (#53331448)"
{
#TRANS 2970 {} 720 20251031
#TRANS 3055 {} -720 20251031
}
#VER "45" "250675" 20251031 "28-250284 (#53331452)"
{
#TRANS 2970 {} 720 20251031
#TRANS 3055 {} -720 20251031
}
#VER "45" "250676" 20251031 "28-250285 (#53331455)"
{
#TRANS 2970 {} 720 20251031
#TRANS 3055 {} -720 20251031
}
#VER "45" "250677" 20251031 "28-250286 (#53331459)"
{
#TRANS 2970 {} 720 20251031
#TRANS 3055 {} -720 20251031
}
#VER "45" "250678" 20251031 "28-250287 (#53331463)"
{
#TRANS 2970 {} 720 20251031
#TRANS 3055 {} -720 20251031
}
#VER "45" "250679" 20251031 "28-250288 (#53331468)"
{
#TRANS 2970 {} 720 20251031
#TRANS 3055 {} -720 20251031
}
#VER "45" "250680" 20251031 "28-250289 (#53331473)"
{
#TRANS 2970 {} 720 20251031
#TRANS 3055 {} -720 20251031
}
#VER "45" "250681" 20251031 "28-250290 (#53331479)"
{
#TRANS 2970 {} 720 20251031
#TRANS 3055 {} -720 20251031
}
#VER "45" "250682" 20251031 "28-250291 (#53331485)"
{
#TRANS 2970 {} 720 20251031
#TRANS 3055 {} -720 20251031
}
#VER "45" "250683" 20251031 "28-250292 (#53331496)"
{
#TRANS 2970 {} 720 20251031
#TRANS 3055 {} -720 20251031
}
#VER "45" "250684" 20251031 "28-250293 (#53331502)"
{
#TRANS 2970 {} 720 20251031
#TRANS 3055 {} -720 20251031
}
#VER "45" "250685" 20251031 "28-250294 (#53331508)"
{
#TRANS 2970 {} 720 20251031
#TRANS 3055 {} -720 20251031
}
#VER "45" "250686" 20251031 "28-250295 (#53331513)"
{
#TRANS 2970 {} 720 20251031
#TRANS 3055 {} -720 20251031
}
#VER "45" "250687" 20251031 "28-250296 (#53331521)"
{
#TRANS 2970 {} 960 20251031
#TRANS 3055 {} -960 20251031
}
#VER "45" "250688" 20251031 "28-250297 (#53331528)"
{
#TRANS 2970 {} 960 20251031
#TRANS 3055 {} -960 20251031
}
#VER "45" "250689" 20251031 "28-250298 (#53331532)"
{
#TRANS 2970 {} 720 20251031
#TRANS 3055 {} -720 20251031
}
#VER "45" "250690" 20251031 "28-250299 (#53331538)"
{
#TRANS 2970 {} 720 20251031
#TRANS 3055 {} -720 20251031
}
#VER "45" "250691" 20251031 "28-250300 (#53331545)"
{
#TRANS 2970 {} 720 20251031
#TRANS 3055 {} -720 20251031
}
#VER "45" "250692" 20251031 "28-250301 (#53331549)"
{
#TRANS 2970 {} 720 20251031
#TRANS 3055 {} -720 20251031
}
#VER "45" "250693" 20251031 "28-250302 (#53331554)"
{
#TRANS 2970 {} 720 20251031
#TRANS 3055 {} -720 20251031
}
#VER "45" "250694" 20251031 "28-250303 (#53331560)"
{
#TRANS 2970 {} 720 20251031
#TRANS 3055 {} -720 20251031
}
#VER "45" "250695" 20251031 "28-250304 (#53331570)"
{
#TRANS 2970 {} 720 20251031
#TRANS 3055 {} -720 20251031
}
#VER "45" "250696" 20251031 "28-250305 (#53331576)"
{
#TRANS 2970 {} 720 20251031
#TRANS 3055 {} -720 20251031
}
#VER "45" "250697" 20251031 "28-250306 (#53331581)"
{
#TRANS 2970 {} 720 20251031
#TRANS 3055 {} -720 20251031
}
#VER "45" "250698" 20251031 "28-250307 (#53331591)"
{
#TRANS 2970 {} 960 20251031
#TRANS 3055 {} -960 20251031
}
#VER "45" "250699" 20251031 "28-250308 (#53331600)"
{
#TRANS 2970 {} 720 20251031
#TRANS 3055 {} -720 20251031
}
#VER "45" "250700" 20251031 "28-250309 (#53331610)"
{
#TRANS 2970 {} 720 20251031
#TRANS 3055 {} -720 20251031
}
#VER "45" "250701" 20251031 "28-250310 (#53331614)"
{
#TRANS 2970 {} 240 20251031
#TRANS 3055 {} -240 20251031
}
#VER "45" "250702" 20251031 "28-250311 (#53331621)"
{
#TRANS 2970 {} 240 20251031
#TRANS 3055 {} -240 20251031
}
#VER "45" "250703" 20251007 "28-250312 (#54254264)"
{
#TRANS 2970 {} -720 20251007
#TRANS 3055 {} 720 20251007
#TRANS 3740 {} 0 20251007
}
#VER "45" "250704" 20251007 "28-250313 (#54254272)"
{
#TRANS 2970 {} -720 20251007
#TRANS 3055 {} 720 20251007
#TRANS 3740 {} 0 20251007
}
#VER "45" "250705" 20251007 "28-250314 (#54254279)"
{
#TRANS 2970 {} -720 20251007
#TRANS 3055 {} 720 20251007
#TRANS 3740 {} 0 20251007
}
#VER "45" "250706" 20251007 "28-250315 (#54254285)"
{
#TRANS 2970 {} -720 20251007
#TRANS 3055 {} 720 20251007
#TRANS 3740 {} 0 20251007
}
#VER "45" "250707" 20251007 "28-250316 (#54254292)"
{
#TRANS 2970 {} -720 20251007
#TRANS 3055 {} 720 20251007
#TRANS 3740 {} 0 20251007
}
#VER "45" "250708" 20251007 "28-250317 (#54254300)"
{
#TRANS 2970 {} -720 20251007
#TRANS 3055 {} 720 20251007
#TRANS 3740 {} 0 20251007
}
#VER "45" "250709" 20251007 "28-250318 (#54254307)"
{
#TRANS 2970 {} -720 20251007
#TRANS 3055 {} 720 20251007
#TRANS 3740 {} 0 20251007
}
#VER "45" "250710" 20251007 "28-250319 (#54254314)"
{
#TRANS 2970 {} -720 20251007
#TRANS 3055 {} 720 20251007
#TRANS 3740 {} 0 20251007
}
#VER "45" "250711" 20251007 "28-250320 (#54254322)"
{
#TRANS 2970 {} -720 20251007
#TRANS 3055 {} 720 20251007
#TRANS 3740 {} 0 20251007
}
#VER "45" "250712" 20251007 "28-250321 (#54254330)"
{
#TRANS 2970 {} -720 20251007
#TRANS 3055 {} 720 20251007
#TRANS 3740 {} 0 20251007
}
#VER "45" "250713" 20251007 "28-250322 (#54254341)"
{
#TRANS 2970 {} -720 20251007
#TRANS 3055 {} 720 20251007
#TRANS 3740 {} 0 20251007
}
#VER "45" "250714" 20251007 "28-250323 (#54254348)"
{
#TRANS 2970 {} -720 20251007
#TRANS 3055 {} 720 20251007
#TRANS 3740 {} 0 20251007
}
#VER "45" "250715" 20251007 "28-250324 (#54254356)"
{
#TRANS 2970 {} -720 20251007
#TRANS 3055 {} 720 20251007
#TRANS 3740 {} 0 20251007
}
#VER "45" "250716" 20251007 "28-250325 (#54254362)"
{
#TRANS 2970 {} -720 20251007
#TRANS 3055 {} 720 20251007
#TRANS 3740 {} 0 20251007
}
#VER "45" "250717" 20251007 "28-250326 (#54254370)"
{
#TRANS 2970 {} -720 20251007
#TRANS 3055 {} 720 20251007
#TRANS 3740 {} 0 20251007
}
#VER "45" "250718" 20251007 "28-250327 (#54254376)"
{
#TRANS 2970 {} -960 20251007
#TRANS 3055 {} 960 20251007
#TRANS 3740 {} 0 20251007
}
#VER "45" "250719" 20251007 "28-250328 (#54254382)"
{
#TRANS 2970 {} -720 20251007
#TRANS 3055 {} 720 20251007
#TRANS 3740 {} 0 20251007
}
#VER "45" "250720" 20251007 "28-250329 (#54254391)"
{
#TRANS 2970 {} -720 20251007
#TRANS 3055 {} 720 20251007
#TRANS 3740 {} 0 20251007
}
#VER "45" "250721" 20251007 "28-250330 (#54254397)"
{
#TRANS 2970 {} -720 20251007
#TRANS 3055 {} 720 20251007
#TRANS 3740 {} 0 20251007
}
#VER "45" "250722" 20251007 "28-250331 (#54254401)"
{
#TRANS 2970 {} -720 20251007
#TRANS 3055 {} 720 20251007
#TRANS 3740 {} 0 20251007
}
#VER "45" "250723" 20251007 "28-250332 (#54254406)"
{
#TRANS 2970 {} -720 20251007
#TRANS 3055 {} 720 20251007
#TRANS 3740 {} 0 20251007
}
#VER "45" "250724" 20251007 "28-250333 (#54254413)"
{
#TRANS 2970 {} -720 20251007
#TRANS 3055 {} 720 20251007
#TRANS 3740 {} 0 20251007
}
#VER "45" "250725" 20251007 "28-250334 (#54254420)"
{
#TRANS 2970 {} -720 20251007
#TRANS 3055 {} 720 20251007
#TRANS 3740 {} 0 20251007
}
#VER "45" "250726" 20251007 "28-250335 (#54254428)"
{
#TRANS 2970 {} -720 20251007
#TRANS 3055 {} 720 20251007
#TRANS 3740 {} 0 20251007
}
#VER "45" "250727" 20251007 "28-250336 (#54254434)"
{
#TRANS 2970 {} -720 20251007
#TRANS 3055 {} 720 20251007
#TRANS 3740 {} 0 20251007
}
#VER "45" "250728" 20251007 "28-250337 (#54254441)"
{
#TRANS 2970 {} -720 20251007
#TRANS 3055 {} 720 20251007
#TRANS 3740 {} 0 20251007
}
#VER "45" "250729" 20251007 "28-250338 (#54254449)"
{
#TRANS 2970 {} -720 20251007
#TRANS 3055 {} 720 20251007
#TRANS 3740 {} 0 20251007
}
#VER "45" "250730" 20251007 "28-250339 (#54254458)"
{
#TRANS 2970 {} -720 20251007
#TRANS 3055 {} 720 20251007
#TRANS 3740 {} 0 20251007
}
#VER "45" "250731" 20251007 "28-250340 (#54254467)"
{
#TRANS 2970 {} -720 20251007
#TRANS 3055 {} 720 20251007
#TRANS 3740 {} 0 20251007
}
#VER "45" "250732" 20251007 "28-250341 (#54254475)"
{
#TRANS 2970 {} -720 20251007
#TRANS 3055 {} 720 20251007
#TRANS 3740 {} 0 20251007
}
#VER "45" "250733" 20251007 "28-250342 (#54254484)"
{
#TRANS 2970 {} -960 20251007
#TRANS 3055 {} 960 20251007
#TRANS 3740 {} 0 20251007
}
#VER "45" "250734" 20251007 "28-250343 (#54254494)"
{
#TRANS 2970 {} -960 20251007
#TRANS 3055 {} 960 20251007
#TRANS 3740 {} 0 20251007
}
#VER "45" "250735" 20251007 "28-250344 (#54254502)"
{
#TRANS 2970 {} -720 20251007
#TRANS 3055 {} 720 20251007
#TRANS 3740 {} 0 20251007
}
#VER "45" "250736" 20251007 "28-250345 (#54254508)"
{
#TRANS 2970 {} -720 20251007
#TRANS 3055 {} 720 20251007
#TRANS 3740 {} 0 20251007
}
#VER "45" "250737" 20251007 "28-250346 (#54254516)"
{
#TRANS 2970 {} -720 20251007
#TRANS 3055 {} 720 20251007
#TRANS 3740 {} 0 20251007
}
#VER "45" "250738" 20251007 "28-250347 (#54254523)"
{
#TRANS 2970 {} -720 20251007
#TRANS 3055 {} 720 20251007
#TRANS 3740 {} 0 20251007
}
#VER "45" "250739" 20251007 "28-250348 (#54254532)"
{
#TRANS 2970 {} -720 20251007
#TRANS 3055 {} 720 20251007
#TRANS 3740 {} 0 20251007
}
#VER "45" "250740" 20251007 "28-250349 (#54254540)"
{
#TRANS 2970 {} -720 20251007
#TRANS 3055 {} 720 20251007
#TRANS 3740 {} 0 20251007
}
#VER "45" "250741" 20251007 "28-250350 (#54254547)"
{
#TRANS 2970 {} -720 20251007
#TRANS 3055 {} 720 20251007
#TRANS 3740 {} 0 20251007
}
#VER "45" "250742" 20251007 "28-250351 (#54254554)"
{
#TRANS 2970 {} -720 20251007
#TRANS 3055 {} 720 20251007
#TRANS 3740 {} 0 20251007
}
#VER "45" "250743" 20251007 "28-250352 (#54254563)"
{
#TRANS 2970 {} -720 20251007
#TRANS 3055 {} 720 20251007
#TRANS 3740 {} 0 20251007
}
#VER "45" "250744" 20251007 "28-250353 (#54254573)"
{
#TRANS 2970 {} -960 20251007
#TRANS 3055 {} 960 20251007
#TRANS 3740 {} 0 20251007
}
#VER "45" "250745" 20251007 "28-250354 (#54254582)"
{
#TRANS 2970 {} -720 20251007
#TRANS 3055 {} 720 20251007
#TRANS 3740 {} 0 20251007
}
#VER "45" "250746" 20251007 "28-250355 (#54254590)"
{
#TRANS 2970 {} -720 20251007
#TRANS 3055 {} 720 20251007
#TRANS 3740 {} 0 20251007
}
#VER "45" "250747" 20251007 "28-250356 (#54254598)"
{
#TRANS 2970 {} -240 20251007
#TRANS 3055 {} 240 20251007
#TRANS 3740 {} 0 20251007
}
#VER "45" "250748" 20251007 "28-250357 (#54254606)"
{
#TRANS 2970 {} -240 20251007
#TRANS 3055 {} 240 20251007
#TRANS 3740 {} 0 20251007
}
#VER "45" "250749" 20251003 "25-250024 (#54528676)"
{
#TRANS 1700 {} -14745 20251003
#TRANS 3740 {} 0 20251003
#TRANS 5012 {} 14745 20251003
}
#VER "45" "250750" 20251003 "25-250025 (#54528675)"
{
#TRANS 1700 {} 73709 20251003
#TRANS 3740 {} 0 20251003
#TRANS 5012 {} -73709 20251003
}
#VER "45" "250751" 20251130 "25-240001 (#45722781)"
{
#TRANS 1713 {} -1627 20251130
#TRANS 6480 {} 1627 20251130
}
#VER "45" "250752" 20251130 "25-240002 (#46104464)"
{
#TRANS 1713 {} 1627 20251130
#TRANS 6480 {} -1627 20251130
}
#VER "45" "250753" 20251130 "18-250001 (#46437562)"
{
#TRANS 2513 {} -144 20251130
#TRANS 4805 {} 144 20251130
}
#VER "45" "250754" 20251130 "28-250312 (#54254264)"
{
#TRANS 2970 {} 720 20251130
#TRANS 3055 {} -720 20251130
}
#VER "45" "250755" 20251130 "28-250313 (#54254272)"
{
#TRANS 2970 {} 720 20251130
#TRANS 3055 {} -720 20251130
}
#VER "45" "250756" 20251130 "28-250314 (#54254279)"
{
#TRANS 2970 {} 720 20251130
#TRANS 3055 {} -720 20251130
}
#VER "45" "250757" 20251130 "28-250315 (#54254285)"
{
#TRANS 2970 {} 720 20251130
#TRANS 3055 {} -720 20251130
}
#VER "45" "250758" 20251130 "28-250316 (#54254292)"
{
#TRANS 2970 {} 720 20251130
#TRANS 3055 {} -720 20251130
}
#VER "45" "250759" 20251130 "28-250317 (#54254300)"
{
#TRANS 2970 {} 720 20251130
#TRANS 3055 {} -720 20251130
}
#VER "45" "250760" 20251130 "28-250318 (#54254307)"
{
#TRANS 2970 {} 720 20251130
#TRANS 3055 {} -720 20251130
}
#VER "45" "250761" 20251130 "28-250319 (#54254314)"
{
#TRANS 2970 {} 720 20251130
#TRANS 3055 {} -720 20251130
}
#VER "45" "250762" 20251130 "28-250320 (#54254322)"
{
#TRANS 2970 {} 720 20251130
#TRANS 3055 {} -720 20251130
}
#VER "45" "250763" 20251130 "28-250321 (#54254330)"
{
#TRANS 2970 {} 720 20251130
#TRANS 3055 {} -720 20251130
}
#VER "45" "250764" 20251130 "28-250322 (#54254341)"
{
#TRANS 2970 {} 720 20251130
#TRANS 3055 {} -720 20251130
}
#VER "45" "250765" 20251130 "28-250323 (#54254348)"
{
#TRANS 2970 {} 720 20251130
#TRANS 3055 {} -720 20251130
}
#VER "45" "250766" 20251130 "28-250324 (#54254356)"
{
#TRANS 2970 {} 720 20251130
#TRANS 3055 {} -720 20251130
}
#VER "45" "250767" 20251130 "28-250325 (#54254362)"
{
#TRANS 2970 {} 720 20251130
#TRANS 3055 {} -720 20251130
}
#VER "45" "250768" 20251130 "28-250326 (#54254370)"
{
#TRANS 2970 {} 720 20251130
#TRANS 3055 {} -720 20251130
}
#VER "45" "250769" 20251130 "28-250327 (#54254376)"
{
#TRANS 2970 {} 960 20251130
#TRANS 3055 {} -960 20251130
}
#VER "45" "250770" 20251130 "28-250328 (#54254382)"
{
#TRANS 2970 {} 720 20251130
#TRANS 3055 {} -720 20251130
}
#VER "45" "250771" 20251130 "28-250329 (#54254391)"
{
#TRANS 2970 {} 720 20251130
#TRANS 3055 {} -720 20251130
}
#VER "45" "250772" 20251130 "28-250330 (#54254397)"
{
#TRANS 2970 {} 720 20251130
#TRANS 3055 {} -720 20251130
}
#VER "45" "250773" 20251130 "28-250331 (#54254401)"
{
#TRANS 2970 {} 720 20251130
#TRANS 3055 {} -720 20251130
}
#VER "45" "250774" 20251130 "28-250332 (#54254406)"
{
#TRANS 2970 {} 720 20251130
#TRANS 3055 {} -720 20251130
}
#VER "45" "250775" 20251130 "28-250333 (#54254413)"
{
#TRANS 2970 {} 720 20251130
#TRANS 3055 {} -720 20251130
}
#VER "45" "250776" 20251130 "28-250334 (#54254420)"
{
#TRANS 2970 {} 720 20251130
#TRANS 3055 {} -720 20251130
}
#VER "45" "250777" 20251130 "28-250335 (#54254428)"
{
#TRANS 2970 {} 720 20251130
#TRANS 3055 {} -720 20251130
}
#VER "45" "250778" 20251130 "28-250336 (#54254434)"
{
#TRANS 2970 {} 720 20251130
#TRANS 3055 {} -720 20251130
}
#VER "45" "250779" 20251130 "28-250337 (#54254441)"
{
#TRANS 2970 {} 720 20251130
#TRANS 3055 {} -720 20251130
}
#VER "45" "250780" 20251130 "28-250338 (#54254449)"
{
#TRANS 2970 {} 720 20251130
#TRANS 3055 {} -720 20251130
}
#VER "45" "250781" 20251130 "28-250339 (#54254458)"
{
#TRANS 2970 {} 720 20251130
#TRANS 3055 {} -720 20251130
}
#VER "45" "250782" 20251130 "28-250340 (#54254467)"
{
#TRANS 2970 {} 720 20251130
#TRANS 3055 {} -720 20251130
}
#VER "45" "250783" 20251130 "28-250341 (#54254475)"
{
#TRANS 2970 {} 720 20251130
#TRANS 3055 {} -720 20251130
}
#VER "45" "250784" 20251130 "28-250342 (#54254484)"
{
#TRANS 2970 {} 960 20251130
#TRANS 3055 {} -960 20251130
}
#VER "45" "250785" 20251130 "28-250343 (#54254494)"
{
#TRANS 2970 {} 960 20251130
#TRANS 3055 {} -960 20251130
}
#VER "45" "250786" 20251130 "28-250344 (#54254502)"
{
#TRANS 2970 {} 720 20251130
#TRANS 3055 {} -720 20251130
}
#VER "45" "250787" 20251130 "28-250345 (#54254508)"
{
#TRANS 2970 {} 720 20251130
#TRANS 3055 {} -720 20251130
}
#VER "45" "250788" 20251130 "28-250346 (#54254516)"
{
#TRANS 2970 {} 720 20251130
#TRANS 3055 {} -720 20251130
}
#VER "45" "250789" 20251130 "28-250347 (#54254523)"
{
#TRANS 2970 {} 720 20251130
#TRANS 3055 {} -720 20251130
}
#VER "45" "250790" 20251130 "28-250348 (#54254532)"
{
#TRANS 2970 {} 720 20251130
#TRANS 3055 {} -720 20251130
}
#VER "45" "250791" 20251130 "28-250349 (#54254540)"
{
#TRANS 2970 {} 720 20251130
#TRANS 3055 {} -720 20251130
}
#VER "45" "250792" 20251130 "28-250350 (#54254547)"
{
#TRANS 2970 {} 720 20251130
#TRANS 3055 {} -720 20251130
}
#VER "45" "250793" 20251130 "28-250351 (#54254554)"
{
#TRANS 2970 {} 720 20251130
#TRANS 3055 {} -720 20251130
}
#VER "45" "250794" 20251130 "28-250352 (#54254563)"
{
#TRANS 2970 {} 720 20251130
#TRANS 3055 {} -720 20251130
}
#VER "45" "250795" 20251130 "28-250353 (#54254573)"
{
#TRANS 2970 {} 960 20251130
#TRANS 3055 {} -960 20251130
}
#VER "45" "250796" 20251130 "28-250354 (#54254582)"
{
#TRANS 2970 {} 720 20251130
#TRANS 3055 {} -720 20251130
}
#VER "45" "250797" 20251130 "28-250355 (#54254590)"
{
#TRANS 2970 {} 720 20251130
#TRANS 3055 {} -720 20251130
}
#VER "45" "250798" 20251130 "28-250356 (#54254598)"
{
#TRANS 2970 {} 240 20251130
#TRANS 3055 {} -240 20251130
}
#VER "45" "250799" 20251130 "28-250357 (#54254606)"
{
#TRANS 2970 {} 240 20251130
#TRANS 3055 {} -240 20251130
}
#VER "45" "250800" 20251130 "25-250024 (#54528676)"
{
#TRANS 1700 {} 7372 20251130
#TRANS 5012 {} -7372 20251130
}
#VER "45" "250801" 20251130 "25-250025 (#54528675)"
{
#TRANS 1700 {} -36854 20251130
#TRANS 5012 {} 36854 20251130
}
#VER "45" "250802" 20251104 "28-250358 (#55122731)"
{
#TRANS 2970 {} -720 20251104
#TRANS 3055 {} 720 20251104
#TRANS 3740 {} 0 20251104
}
#VER "45" "250803" 20251104 "28-250359 (#55122741)"
{
#TRANS 2970 {} -720 20251104
#TRANS 3055 {} 720 20251104
#TRANS 3740 {} 0 20251104
}
#VER "45" "250804" 20251104 "28-250360 (#55122750)"
{
#TRANS 2970 {} -720 20251104
#TRANS 3055 {} 720 20251104
#TRANS 3740 {} 0 20251104
}
#VER "45" "250805" 20251104 "28-250361 (#55122758)"
{
#TRANS 2970 {} -720 20251104
#TRANS 3055 {} 720 20251104
#TRANS 3740 {} 0 20251104
}
#VER "45" "250806" 20251104 "28-250362 (#55122765)"
{
#TRANS 2970 {} -720 20251104
#TRANS 3055 {} 720 20251104
#TRANS 3740 {} 0 20251104
}
#VER "45" "250807" 20251104 "28-250363 (#55122775)"
{
#TRANS 2970 {} -720 20251104
#TRANS 3055 {} 720 20251104
#TRANS 3740 {} 0 20251104
}
#VER "45" "250808" 20251104 "28-250364 (#55122782)"
{
#TRANS 2970 {} -720 20251104
#TRANS 3055 {} 720 20251104
#TRANS 3740 {} 0 20251104
}
#VER "45" "250809" 20251104 "28-250365 (#55122789)"
{
#TRANS 2970 {} -720 20251104
#TRANS 3055 {} 720 20251104
#TRANS 3740 {} 0 20251104
}
#VER "45" "250810" 20251104 "28-250366 (#55122796)"
{
#TRANS 2970 {} -720 20251104
#TRANS 3055 {} 720 20251104
#TRANS 3740 {} 0 20251104
}
#VER "45" "250811" 20251104 "28-250367 (#55122802)"
{
#TRANS 2970 {} -720 20251104
#TRANS 3055 {} 720 20251104
#TRANS 3740 {} 0 20251104
}
#VER "45" "250812" 20251104 "28-250368 (#55122810)"
{
#TRANS 2970 {} -720 20251104
#TRANS 3055 {} 720 20251104
#TRANS 3740 {} 0 20251104
}
#VER "45" "250813" 20251104 "28-250369 (#55122817)"
{
#TRANS 2970 {} -720 20251104
#TRANS 3055 {} 720 20251104
#TRANS 3740 {} 0 20251104
}
#VER "45" "250814" 20251104 "28-250370 (#55122822)"
{
#TRANS 2970 {} -720 20251104
#TRANS 3055 {} 720 20251104
#TRANS 3740 {} 0 20251104
}
#VER "45" "250815" 20251104 "28-250371 (#55122829)"
{
#TRANS 2970 {} -720 20251104
#TRANS 3055 {} 720 20251104
#TRANS 3740 {} 0 20251104
}
#VER "45" "250816" 20251104 "28-250372 (#55122838)"
{
#TRANS 2970 {} -720 20251104
#TRANS 3055 {} 720 20251104
#TRANS 3740 {} 0 20251104
}
#VER "45" "250817" 20251104 "28-250373 (#55122845)"
{
#TRANS 2970 {} -960 20251104
#TRANS 3055 {} 960 20251104
#TRANS 3740 {} 0 20251104
}
#VER "45" "250818" 20251104 "28-250374 (#55122853)"
{
#TRANS 2970 {} -720 20251104
#TRANS 3055 {} 720 20251104
#TRANS 3740 {} 0 20251104
}
#VER "45" "250819" 20251104 "28-250375 (#55122865)"
{
#TRANS 2970 {} -720 20251104
#TRANS 3055 {} 720 20251104
#TRANS 3740 {} 0 20251104
}
#VER "45" "250820" 20251104 "28-250376 (#55122876)"
{
#TRANS 2970 {} -720 20251104
#TRANS 3055 {} 720 20251104
#TRANS 3740 {} 0 20251104
}
#VER "45" "250821" 20251104 "28-250377 (#55122890)"
{
#TRANS 2970 {} -720 20251104
#TRANS 3055 {} 720 20251104
#TRANS 3740 {} 0 20251104
}
#VER "45" "250822" 20251104 "28-250378 (#55122901)"
{
#TRANS 2970 {} -720 20251104
#TRANS 3055 {} 720 20251104
#TRANS 3740 {} 0 20251104
}
#VER "45" "250823" 20251104 "28-250379 (#55122907)"
{
#TRANS 2970 {} -720 20251104
#TRANS 3055 {} 720 20251104
#TRANS 3740 {} 0 20251104
}
#VER "45" "250824" 20251104 "28-250380 (#55122916)"
{
#TRANS 2970 {} -720 20251104
#TRANS 3055 {} 720 20251104
#TRANS 3740 {} 0 20251104
}
#VER "45" "250825" 20251104 "28-250381 (#55122924)"
{
#TRANS 2970 {} -720 20251104
#TRANS 3055 {} 720 20251104
#TRANS 3740 {} 0 20251104
}
#VER "45" "250826" 20251104 "28-250382 (#55122932)"
{
#TRANS 2970 {} -720 20251104
#TRANS 3055 {} 720 20251104
#TRANS 3740 {} 0 20251104
}
#VER "45" "250827" 20251104 "28-250383 (#55122941)"
{
#TRANS 2970 {} -720 20251104
#TRANS 3055 {} 720 20251104
#TRANS 3740 {} 0 20251104
}
#VER "45" "250828" 20251104 "28-250384 (#55122950)"
{
#TRANS 2970 {} -720 20251104
#TRANS 3055 {} 720 20251104
#TRANS 3740 {} 0 20251104
}
#VER "45" "250829" 20251104 "28-250385 (#55122961)"
{
#TRANS 2970 {} -720 20251104
#TRANS 3055 {} 720 20251104
#TRANS 3740 {} 0 20251104
}
#VER "45" "250830" 20251104 "28-250386 (#55122973)"
{
#TRANS 2970 {} -720 20251104
#TRANS 3055 {} 720 20251104
#TRANS 3740 {} 0 20251104
}
#VER "45" "250831" 20251104 "28-250387 (#55122980)"
{
#TRANS 2970 {} -720 20251104
#TRANS 3055 {} 720 20251104
#TRANS 3740 {} 0 20251104
}
#VER "45" "250832" 20251104 "28-250388 (#55122990)"
{
#TRANS 2970 {} -960 20251104
#TRANS 3055 {} 960 20251104
#TRANS 3740 {} 0 20251104
}
#VER "45" "250833" 20251104 "28-250389 (#55123001)"
{
#TRANS 2970 {} -960 20251104
#TRANS 3055 {} 960 20251104
#TRANS 3740 {} 0 20251104
}
#VER "45" "250834" 20251104 "28-250390 (#55123012)"
{
#TRANS 2970 {} -720 20251104
#TRANS 3055 {} 720 20251104
#TRANS 3740 {} 0 20251104
}
#VER "45" "250835" 20251104 "28-250391 (#55123024)"
{
#TRANS 2970 {} -720 20251104
#TRANS 3055 {} 720 20251104
#TRANS 3740 {} 0 20251104
}
#VER "45" "250836" 20251104 "28-250392 (#55123035)"
{
#TRANS 2970 {} -720 20251104
#TRANS 3055 {} 720 20251104
#TRANS 3740 {} 0 20251104
}
#VER "45" "250837" 20251104 "28-250393 (#55123045)"
{
#TRANS 2970 {} -720 20251104
#TRANS 3055 {} 720 20251104
#TRANS 3740 {} 0 20251104
}
#VER "45" "250838" 20251104 "28-250394 (#55123054)"
{
#TRANS 2970 {} -720 20251104
#TRANS 3055 {} 720 20251104
#TRANS 3740 {} 0 20251104
}
#VER "45" "250839" 20251104 "28-250395 (#55123063)"
{
#TRANS 2970 {} -720 20251104
#TRANS 3055 {} 720 20251104
#TRANS 3740 {} 0 20251104
}
#VER "45" "250840" 20251104 "28-250396 (#55123070)"
{
#TRANS 2970 {} -720 20251104
#TRANS 3055 {} 720 20251104
#TRANS 3740 {} 0 20251104
}
#VER "45" "250841" 20251104 "28-250397 (#55123081)"
{
#TRANS 2970 {} -720 20251104
#TRANS 3055 {} 720 20251104
#TRANS 3740 {} 0 20251104
}
#VER "45" "250842" 20251104 "28-250398 (#55123088)"
{
#TRANS 2970 {} -720 20251104
#TRANS 3055 {} 720 20251104
#TRANS 3740 {} 0 20251104
}
#VER "45" "250843" 20251104 "28-250399 (#55123097)"
{
#TRANS 2970 {} -960 20251104
#TRANS 3055 {} 960 20251104
#TRANS 3740 {} 0 20251104
}
#VER "45" "250844" 20251104 "28-250400 (#55123109)"
{
#TRANS 2970 {} -720 20251104
#TRANS 3055 {} 720 20251104
#TRANS 3740 {} 0 20251104
}
#VER "45" "250845" 20251104 "28-250401 (#55123118)"
{
#TRANS 2970 {} -720 20251104
#TRANS 3055 {} 720 20251104
#TRANS 3740 {} 0 20251104
}
#VER "45" "250846" 20251104 "28-250402 (#55123124)"
{
#TRANS 2970 {} -240 20251104
#TRANS 3055 {} 240 20251104
#TRANS 3740 {} 0 20251104
}
#VER "45" "250847" 20251104 "28-250403 (#55123131)"
{
#TRANS 2970 {} -240 20251104
#TRANS 3055 {} 240 20251104
#TRANS 3740 {} 0 20251104
}
#VER "45" "250848" 20251106 "28-250404 (#55352912)"
{
#TRANS 2970 {} -720 20251106
#TRANS 3055 {} 720 20251106
#TRANS 3740 {} 0 20251106
}
#VER "45" "250849" 20251231 "25-240001 (#45722781)"
{
#TRANS 1713 {} -1622 20251231
#TRANS 6480 {} 1622 20251231
}
#VER "45" "250850" 20251231 "25-240002 (#46104464)"
{
#TRANS 1713 {} 1622 20251231
#TRANS 6480 {} -1622 20251231
}
#VER "45" "250851" 20251231 "18-250001 (#46437562)"
{
#TRANS 2513 {} -140 20251231
#TRANS 4805 {} 140 20251231
}
#VER "45" "250852" 20251231 "25-250024 (#54528676)"
{
#TRANS 1700 {} 7373 20251231
#TRANS 5012 {} -7373 20251231
}
#VER "45" "250853" 20251231 "25-250025 (#54528675)"
{
#TRANS 1700 {} -36855 20251231
#TRANS 5012 {} 36855 20251231
}
#VER "45" "250854" 20251231 "28-250358 (#55122731)"
{
#TRANS 2970 {} 720 20251231
#TRANS 3055 {} -720 20251231
}
#VER "45" "250855" 20251231 "28-250359 (#55122741)"
{
#TRANS 2970 {} 720 20251231
#TRANS 3055 {} -720 20251231
}
#VER "45" "250856" 20251231 "28-250360 (#55122750)"
{
#TRANS 2970 {} 720 20251231
#TRANS 3055 {} -720 20251231
}
#VER "45" "250857" 20251231 "28-250361 (#55122758)"
{
#TRANS 2970 {} 720 20251231
#TRANS 3055 {} -720 20251231
}
#VER "45" "250858" 20251231 "28-250362 (#55122765)"
{
#TRANS 2970 {} 720 20251231
#TRANS 3055 {} -720 20251231
}
#VER "45" "250859" 20251231 "28-250363 (#55122775)"
{
#TRANS 2970 {} 720 20251231
#TRANS 3055 {} -720 20251231
}
#VER "45" "250860" 20251231 "28-250364 (#55122782)"
{
#TRANS 2970 {} 720 20251231
#TRANS 3055 {} -720 20251231
}
#VER "45" "250861" 20251231 "28-250365 (#55122789)"
{
#TRANS 2970 {} 720 20251231
#TRANS 3055 {} -720 20251231
}
#VER "45" "250862" 20251231 "28-250366 (#55122796)"
{
#TRANS 2970 {} 720 20251231
#TRANS 3055 {} -720 20251231
}
#VER "45" "250863" 20251231 "28-250367 (#55122802)"
{
#TRANS 2970 {} 720 20251231
#TRANS 3055 {} -720 20251231
}
#VER "45" "250864" 20251231 "28-250368 (#55122810)"
{
#TRANS 2970 {} 720 20251231
#TRANS 3055 {} -720 20251231
}
#VER "45" "250865" 20251231 "28-250369 (#55122817)"
{
#TRANS 2970 {} 720 20251231
#TRANS 3055 {} -720 20251231
}
#VER "45" "250866" 20251231 "28-250370 (#55122822)"
{
#TRANS 2970 {} 720 20251231
#TRANS 3055 {} -720 20251231
}
#VER "45" "250867" 20251231 "28-250371 (#55122829)"
{
#TRANS 2970 {} 720 20251231
#TRANS 3055 {} -720 20251231
}
#VER "45" "250868" 20251231 "28-250372 (#55122838)"
{
#TRANS 2970 {} 720 20251231
#TRANS 3055 {} -720 20251231
}
#VER "45" "250869" 20251231 "28-250373 (#55122845)"
{
#TRANS 2970 {} 960 20251231
#TRANS 3055 {} -960 20251231
}
#VER "45" "250870" 20251231 "28-250374 (#55122853)"
{
#TRANS 2970 {} 720 20251231
#TRANS 3055 {} -720 20251231
}
#VER "45" "250871" 20251231 "28-250375 (#55122865)"
{
#TRANS 2970 {} 720 20251231
#TRANS 3055 {} -720 20251231
}
#VER "45" "250872" 20251231 "28-250376 (#55122876)"
{
#TRANS 2970 {} 720 20251231
#TRANS 3055 {} -720 20251231
}
#VER "45" "250873" 20251231 "28-250377 (#55122890)"
{
#TRANS 2970 {} 720 20251231
#TRANS 3055 {} -720 20251231
}
#VER "45" "250874" 20251231 "28-250378 (#55122901)"
{
#TRANS 2970 {} 720 20251231
#TRANS 3055 {} -720 20251231
}
#VER "45" "250875" 20251231 "28-250379 (#55122907)"
{
#TRANS 2970 {} 720 20251231
#TRANS 3055 {} -720 20251231
}
#VER "45" "250876" 20251231 "28-250380 (#55122916)"
{
#TRANS 2970 {} 720 20251231
#TRANS 3055 {} -720 20251231
}
#VER "45" "250877" 20251231 "28-250381 (#55122924)"
{
#TRANS 2970 {} 720 20251231
#TRANS 3055 {} -720 20251231
}
#VER "45" "250878" 20251231 "28-250382 (#55122932)"
{
#TRANS 2970 {} 720 20251231
#TRANS 3055 {} -720 20251231
}
#VER "45" "250879" 20251231 "28-250383 (#55122941)"
{
#TRANS 2970 {} 720 20251231
#TRANS 3055 {} -720 20251231
}
#VER "45" "250880" 20251231 "28-250384 (#55122950)"
{
#TRANS 2970 {} 720 20251231
#TRANS 3055 {} -720 20251231
}
#VER "45" "250881" 20251231 "28-250385 (#55122961)"
{
#TRANS 2970 {} 720 20251231
#TRANS 3055 {} -720 20251231
}
#VER "45" "250882" 20251231 "28-250386 (#55122973)"
{
#TRANS 2970 {} 720 20251231
#TRANS 3055 {} -720 20251231
}
#VER "45" "250883" 20251231 "28-250387 (#55122980)"
{
#TRANS 2970 {} 720 20251231
#TRANS 3055 {} -720 20251231
}
#VER "45" "250884" 20251231 "28-250388 (#55122990)"
{
#TRANS 2970 {} 960 20251231
#TRANS 3055 {} -960 20251231
}
#VER "45" "250885" 20251231 "28-250389 (#55123001)"
{
#TRANS 2970 {} 960 20251231
#TRANS 3055 {} -960 20251231
}
#VER "45" "250886" 20251231 "28-250390 (#55123012)"
{
#TRANS 2970 {} 720 20251231
#TRANS 3055 {} -720 20251231
}
#VER "45" "250887" 20251231 "28-250391 (#55123024)"
{
#TRANS 2970 {} 720 20251231
#TRANS 3055 {} -720 20251231
}
#VER "45" "250888" 20251231 "28-250392 (#55123035)"
{
#TRANS 2970 {} 720 20251231
#TRANS 3055 {} -720 20251231
}
#VER "45" "250889" 20251231 "28-250393 (#55123045)"
{
#TRANS 2970 {} 720 20251231
#TRANS 3055 {} -720 20251231
}
#VER "45" "250890" 20251231 "28-250394 (#55123054)"
{
#TRANS 2970 {} 720 20251231
#TRANS 3055 {} -720 20251231
}
#VER "45" "250891" 20251231 "28-250395 (#55123063)"
{
#TRANS 2970 {} 720 20251231
#TRANS 3055 {} -720 20251231
}
#VER "45" "250892" 20251231 "28-250396 (#55123070)"
{
#TRANS 2970 {} 720 20251231
#TRANS 3055 {} -720 20251231
}
#VER "45" "250893" 20251231 "28-250397 (#55123081)"
{
#TRANS 2970 {} 720 20251231
#TRANS 3055 {} -720 20251231
}
#VER "45" "250894" 20251231 "28-250398 (#55123088)"
{
#TRANS 2970 {} 720 20251231
#TRANS 3055 {} -720 20251231
}
#VER "45" "250895" 20251231 "28-250399 (#55123097)"
{
#TRANS 2970 {} 960 20251231
#TRANS 3055 {} -960 20251231
}
#VER "45" "250896" 20251231 "28-250400 (#55123109)"
{
#TRANS 2970 {} 720 20251231
#TRANS 3055 {} -720 20251231
}
#VER "45" "250897" 20251231 "28-250401 (#55123118)"
{
#TRANS 2970 {} 720 20251231
#TRANS 3055 {} -720 20251231
}
#VER "45" "250898" 20251231 "28-250402 (#55123124)"
{
#TRANS 2970 {} 240 20251231
#TRANS 3055 {} -240 20251231
}
#VER "45" "250899" 20251231 "28-250403 (#55123131)"
{
#TRANS 2970 {} 240 20251231
#TRANS 3055 {} -240 20251231
}
#VER "45" "250900" 20251231 "28-250404 (#55352912)"
{
#TRANS 2970 {} 720 20251231
#TRANS 3055 {} -720 20251231
}
#VER "45" "250901" 20251201 "25-250028 (#55915482)"
{
#TRANS 1713 {} 19804 20251201
#TRANS 3740 {} -0.25 20251201
#TRANS 6480 {} -19803.75 20251201
}
#VER "45" "250902" 20251201 "25-250029 (#55915486)"
{
#TRANS 1713 {} -3961 20251201
#TRANS 3740 {} 0.25 20251201
#TRANS 6480 {} 3960.75 20251201
}
#VER "45" "250903" 20251205 "28-250405 (#56073318)"
{
#TRANS 1700 {} 720 20251205
#TRANS 3055 {} -720 20251205
#TRANS 3740 {} 0 20251205
}
#VER "45" "250904" 20251130 "28-250405 (#56073318)"
{
#TRANS 1700 {} -720 20251130
#TRANS 3055 {} 720 20251130
}
#VER "45" "250905" 20251205 "28-250407 (#56073335)"
{
#TRANS 1700 {} -720 20251205
#TRANS 3055 {} 720 20251205
#TRANS 3740 {} 0 20251205
}
#VER "45" "250906" 20251130 "28-250407 (#56073335)"
{
#TRANS 1700 {} 720 20251130
#TRANS 3055 {} -720 20251130
}
#VER "45" "250907" 20251208 "28-250409 (#56124945)"
{
#TRANS 2970 {} -720 20251208
#TRANS 3055 {} 720 20251208
#TRANS 3740 {} 0 20251208
}
#VER "45" "250908" 20251208 "28-250410 (#56124954)"
{
#TRANS 2970 {} -720 20251208
#TRANS 3055 {} 720 20251208
#TRANS 3740 {} 0 20251208
}
#VER "45" "250909" 20251208 "28-250411 (#56124959)"
{
#TRANS 2970 {} -720 20251208
#TRANS 3055 {} 720 20251208
#TRANS 3740 {} 0 20251208
}
#VER "45" "250910" 20251208 "28-250412 (#56124963)"
{
#TRANS 2970 {} -720 20251208
#TRANS 3055 {} 720 20251208
#TRANS 3740 {} 0 20251208
}
#VER "45" "250911" 20251208 "28-250413 (#56124966)"
{
#TRANS 2970 {} -720 20251208
#TRANS 3055 {} 720 20251208
#TRANS 3740 {} 0 20251208
}
#VER "45" "250912" 20251208 "28-250414 (#56124969)"
{
#TRANS 2970 {} -720 20251208
#TRANS 3055 {} 720 20251208
#TRANS 3740 {} 0 20251208
}
#VER "45" "250913" 20251208 "28-250415 (#56124972)"
{
#TRANS 2970 {} -720 20251208
#TRANS 3055 {} 720 20251208
#TRANS 3740 {} 0 20251208
}
#VER "45" "250914" 20251208 "28-250416 (#56124975)"
{
#TRANS 2970 {} -720 20251208
#TRANS 3055 {} 720 20251208
#TRANS 3740 {} 0 20251208
}
#VER "45" "250915" 20251208 "28-250417 (#56124979)"
{
#TRANS 2970 {} -720 20251208
#TRANS 3055 {} 720 20251208
#TRANS 3740 {} 0 20251208
}
#VER "45" "250916" 20251208 "28-250418 (#56124981)"
{
#TRANS 2970 {} -720 20251208
#TRANS 3055 {} 720 20251208
#TRANS 3740 {} 0 20251208
}
#VER "45" "250917" 20251208 "28-250419 (#56124983)"
{
#TRANS 2970 {} -720 20251208
#TRANS 3055 {} 720 20251208
#TRANS 3740 {} 0 20251208
}
#VER "45" "250918" 20251208 "28-250420 (#56124985)"
{
#TRANS 2970 {} -720 20251208
#TRANS 3055 {} 720 20251208
#TRANS 3740 {} 0 20251208
}
#VER "45" "250919" 20251208 "28-250421 (#56124987)"
{
#TRANS 2970 {} -720 20251208
#TRANS 3055 {} 720 20251208
#TRANS 3740 {} 0 20251208
}
#VER "45" "250920" 20251208 "28-250422 (#56124989)"
{
#TRANS 2970 {} -720 20251208
#TRANS 3055 {} 720 20251208
#TRANS 3740 {} 0 20251208
}
#VER "45" "250921" 20251208 "28-250423 (#56124991)"
{
#TRANS 2970 {} -720 20251208
#TRANS 3055 {} 720 20251208
#TRANS 3740 {} 0 20251208
}
#VER "45" "250922" 20251208 "28-250424 (#56124993)"
{
#TRANS 2970 {} -960 20251208
#TRANS 3055 {} 960 20251208
#TRANS 3740 {} 0 20251208
}
#VER "45" "250923" 20251208 "28-250425 (#56124995)"
{
#TRANS 2970 {} -720 20251208
#TRANS 3055 {} 720 20251208
#TRANS 3740 {} 0 20251208
}
#VER "45" "250924" 20251208 "28-250426 (#56124997)"
{
#TRANS 2970 {} -720 20251208
#TRANS 3055 {} 720 20251208
#TRANS 3740 {} 0 20251208
}
#VER "45" "250925" 20251208 "28-250427 (#56124999)"
{
#TRANS 2970 {} -720 20251208
#TRANS 3055 {} 720 20251208
#TRANS 3740 {} 0 20251208
}
#VER "45" "250926" 20251208 "28-250428 (#56125001)"
{
#TRANS 2970 {} -720 20251208
#TRANS 3055 {} 720 20251208
#TRANS 3740 {} 0 20251208
}
#VER "45" "250927" 20251208 "28-250429 (#56125003)"
{
#TRANS 2970 {} -720 20251208
#TRANS 3055 {} 720 20251208
#TRANS 3740 {} 0 20251208
}
#VER "45" "250928" 20251208 "28-250430 (#56125005)"
{
#TRANS 2970 {} -720 20251208
#TRANS 3055 {} 720 20251208
#TRANS 3740 {} 0 20251208
}
#VER "45" "250929" 20251208 "28-250431 (#56125007)"
{
#TRANS 2970 {} -720 20251208
#TRANS 3055 {} 720 20251208
#TRANS 3740 {} 0 20251208
}
#VER "45" "250930" 20251208 "28-250432 (#56125009)"
{
#TRANS 2970 {} -720 20251208
#TRANS 3055 {} 720 20251208
#TRANS 3740 {} 0 20251208
}
#VER "45" "250931" 20251208 "28-250433 (#56125012)"
{
#TRANS 1700 {} -88 20251208
#TRANS 2970 {} -720 20251208
#TRANS 3055 {} 720 20251208
#TRANS 3124 {} 88 20251208
#TRANS 3740 {} 0 20251208
}
#VER "45" "250932" 20250831 "28-250433 (#56125012)"
{
#TRANS 1700 {} 29 20250831
#TRANS 3124 {} -29 20250831
}
#VER "45" "250933" 20250930 "28-250433 (#56125012)"
{
#TRANS 1700 {} 29 20250930
#TRANS 3124 {} -29 20250930
}
#VER "45" "250934" 20251031 "28-250433 (#56125012)"
{
#TRANS 1700 {} 30 20251031
#TRANS 3124 {} -30 20251031
}
#VER "45" "250935" 20251208 "28-250434 (#56125020)"
{
#TRANS 2970 {} -720 20251208
#TRANS 3055 {} 720 20251208
#TRANS 3740 {} 0 20251208
}
#VER "45" "250936" 20251208 "28-250435 (#56125023)"
{
#TRANS 1700 {} -1027 20251208
#TRANS 2970 {} -720 20251208
#TRANS 3055 {} 720 20251208
#TRANS 3124 {} 1027 20251208
#TRANS 3740 {} 0 20251208
}
#VER "45" "250937" 20250831 "28-250435 (#56125023)"
{
#TRANS 1700 {} 342 20250831
#TRANS 3124 {} -342 20250831
}
#VER "45" "250938" 20250930 "28-250435 (#56125023)"
{
#TRANS 1700 {} 342 20250930
#TRANS 3124 {} -342 20250930
}
#VER "45" "250939" 20251031 "28-250435 (#56125023)"
{
#TRANS 1700 {} 343 20251031
#TRANS 3124 {} -343 20251031
}
#VER "45" "250940" 20251208 "28-250436 (#56125031)"
{
#TRANS 2970 {} -720 20251208
#TRANS 3055 {} 720 20251208
#TRANS 3740 {} 0 20251208
}
#VER "45" "250941" 20251208 "28-250437 (#56125035)"
{
#TRANS 2970 {} -720 20251208
#TRANS 3055 {} 720 20251208
#TRANS 3740 {} 0 20251208
}
#VER "45" "250942" 20251208 "28-250438 (#56125039)"
{
#TRANS 2970 {} -720 20251208
#TRANS 3055 {} 720 20251208
#TRANS 3740 {} 0 20251208
}
#VER "45" "250943" 20251208 "28-250439 (#56125043)"
{
#TRANS 2970 {} -720 20251208
#TRANS 3055 {} 720 20251208
#TRANS 3740 {} 0 20251208
}
#VER "45" "250944" 20251208 "28-250440 (#56125047)"
{
#TRANS 2970 {} -960 20251208
#TRANS 3055 {} 960 20251208
#TRANS 3740 {} 0 20251208
}
#VER "45" "250945" 20251208 "28-250441 (#56125051)"
{
#TRANS 2970 {} -960 20251208
#TRANS 3055 {} 960 20251208
#TRANS 3740 {} 0 20251208
}
#VER "45" "250946" 20251208 "28-250442 (#56125055)"
{
#TRANS 2970 {} -720 20251208
#TRANS 3055 {} 720 20251208
#TRANS 3740 {} 0 20251208
}
#VER "45" "250947" 20251208 "28-250443 (#56125058)"
{
#TRANS 2970 {} -720 20251208
#TRANS 3055 {} 720 20251208
#TRANS 3740 {} 0 20251208
}
#VER "45" "250948" 20251208 "28-250444 (#56125061)"
{
#TRANS 2970 {} -720 20251208
#TRANS 3055 {} 720 20251208
#TRANS 3740 {} 0 20251208
}
#VER "45" "250949" 20251208 "28-250445 (#56125065)"
{
#TRANS 2970 {} -720 20251208
#TRANS 3055 {} 720 20251208
#TRANS 3740 {} 0 20251208
}
#VER "45" "250950" 20251208 "28-250446 (#56125068)"
{
#TRANS 2970 {} -720 20251208
#TRANS 3055 {} 720 20251208
#TRANS 3740 {} 0 20251208
}
#VER "45" "250951" 20251208 "28-250447 (#56125072)"
{
#TRANS 1700 {} -357 20251208
#TRANS 2970 {} -720 20251208
#TRANS 3055 {} 720 20251208
#TRANS 3124 {} 357 20251208
#TRANS 3740 {} 0 20251208
}
#VER "45" "250952" 20250831 "28-250447 (#56125072)"
{
#TRANS 1700 {} 119 20250831
#TRANS 3124 {} -119 20250831
}
#VER "45" "250953" 20250930 "28-250447 (#56125072)"
{
#TRANS 1700 {} 119 20250930
#TRANS 3124 {} -119 20250930
}
#VER "45" "250954" 20251031 "28-250447 (#56125072)"
{
#TRANS 1700 {} 119 20251031
#TRANS 3124 {} -119 20251031
}
#VER "45" "250955" 20251208 "28-250448 (#56125083)"
{
#TRANS 2970 {} -720 20251208
#TRANS 3055 {} 720 20251208
#TRANS 3740 {} 0 20251208
}
#VER "45" "250956" 20251208 "28-250449 (#56125087)"
{
#TRANS 2970 {} -720 20251208
#TRANS 3055 {} 720 20251208
#TRANS 3740 {} 0 20251208
}
#VER "45" "250957" 20251208 "28-250450 (#56125092)"
{
#TRANS 1700 {} -715 20251208
#TRANS 2970 {} -720 20251208
#TRANS 3055 {} 720 20251208
#TRANS 3124 {} 715 20251208
#TRANS 3740 {} 0 20251208
}
#VER "45" "250958" 20250831 "28-250450 (#56125092)"
{
#TRANS 1700 {} 238 20250831
#TRANS 3124 {} -238 20250831
}
#VER "45" "250959" 20250930 "28-250450 (#56125092)"
{
#TRANS 1700 {} 238 20250930
#TRANS 3124 {} -238 20250930
}
#VER "45" "250960" 20251031 "28-250450 (#56125092)"
{
#TRANS 1700 {} 239 20251031
#TRANS 3124 {} -239 20251031
}
#VER "45" "250961" 20251208 "28-250451 (#56125104)"
{
#TRANS 1700 {} -1032 20251208
#TRANS 2970 {} -960 20251208
#TRANS 3055 {} 960 20251208
#TRANS 3124 {} 1032 20251208
#TRANS 3740 {} 0 20251208
}
#VER "45" "250962" 20250831 "28-250451 (#56125104)"
{
#TRANS 1700 {} 344 20250831
#TRANS 3124 {} -344 20250831
}
#VER "45" "250963" 20250930 "28-250451 (#56125104)"
{
#TRANS 1700 {} 344 20250930
#TRANS 3124 {} -344 20250930
}
#VER "45" "250964" 20251031 "28-250451 (#56125104)"
{
#TRANS 1700 {} 344 20251031
#TRANS 3124 {} -344 20251031
}
#VER "45" "250965" 20251208 "28-250452 (#56125119)"
{
#TRANS 1700 {} -1172 20251208
#TRANS 2970 {} -720 20251208
#TRANS 3055 {} 720 20251208
#TRANS 3124 {} 1172 20251208
#TRANS 3740 {} 0 20251208
}
#VER "45" "250966" 20250831 "28-250452 (#56125119)"
{
#TRANS 1700 {} 391 20250831
#TRANS 3124 {} -391 20250831
}
#VER "45" "250967" 20250930 "28-250452 (#56125119)"
{
#TRANS 1700 {} 391 20250930
#TRANS 3124 {} -391 20250930
}
#VER "45" "250968" 20251031 "28-250452 (#56125119)"
{
#TRANS 1700 {} 390 20251031
#TRANS 3124 {} -390 20251031
}
#VER "45" "250969" 20251208 "28-250453 (#56125135)"
{
#TRANS 2970 {} -720 20251208
#TRANS 3055 {} 720 20251208
#TRANS 3740 {} 0 20251208
}
#VER "45" "250970" 20251208 "28-250454 (#56125141)"
{
#TRANS 2970 {} -240 20251208
#TRANS 3055 {} 240 20251208
#TRANS 3740 {} 0 20251208
}
#VER "45" "250971" 20251208 "28-250455 (#56125147)"
{
#TRANS 2970 {} -240 20251208
#TRANS 3055 {} 240 20251208
#TRANS 3740 {} 0 20251208
}
#VER "45" "250972" 20251130 "28-260112 (#58940408)"
{
#TRANS 1700 {} 19 20251130
#TRANS 3124 {} -19 20251130
}
#VER "45" "250973" 20251231 "28-260112 (#58940408)"
{
#TRANS 1700 {} 19 20251231
#TRANS 3124 {} -19 20251231
}
#VER "45" "250974" 20251130 "28-260118 (#58940453)"
{
#TRANS 1700 {} 353 20251130
#TRANS 3124 {} -353 20251130
}
#VER "45" "250975" 20251231 "28-260118 (#58940453)"
{
#TRANS 1700 {} 353 20251231
#TRANS 3124 {} -353 20251231
}
#VER "45" "250976" 20251130 "28-260120 (#58940472)"
{
#TRANS 1700 {} 310 20251130
#TRANS 3124 {} -310 20251130
}
#VER "45" "250977" 20251231 "28-260120 (#58940472)"
{
#TRANS 1700 {} 310 20251231
#TRANS 3124 {} -310 20251231
}
#VER "45" "250978" 20251130 "28-260130 (#58940536)"
{
#TRANS 1700 {} 183 20251130
#TRANS 3124 {} -183 20251130
}
#VER "45" "250979" 20251231 "28-260130 (#58940536)"
{
#TRANS 1700 {} 183 20251231
#TRANS 3124 {} -183 20251231
}
#VER "45" "250980" 20251130 "28-260132 (#58940552)"
{
#TRANS 1700 {} 118 20251130
#TRANS 3124 {} -118 20251130
}
#VER "45" "250981" 20251231 "28-260132 (#58940552)"
{
#TRANS 1700 {} 118 20251231
#TRANS 3124 {} -118 20251231
}
#VER "45" "250982" 20251130 "28-260135 (#58940575)"
{
#TRANS 1700 {} 345 20251130
#TRANS 3124 {} -345 20251130
}
#VER "45" "250983" 20251231 "28-260135 (#58940575)"
{
#TRANS 1700 {} 345 20251231
#TRANS 3124 {} -345 20251231
}
#VER "45" "250984" 20251130 "28-260136 (#58940591)"
{
#TRANS 1700 {} 363 20251130
#TRANS 3124 {} -363 20251130
}
#VER "45" "250985" 20251231 "28-260136 (#58940591)"
{
#TRANS 1700 {} 363 20251231
#TRANS 3124 {} -363 20251231
}
#VER "45" "250986" 20251130 "28-260137 (#58940604)"
{
#TRANS 1700 {} 308 20251130
#TRANS 3124 {} -308 20251130
}
#VER "45" "250987" 20251231 "28-260137 (#58940604)"
{
#TRANS 1700 {} 308 20251231
#TRANS 3124 {} -308 20251231
}
#VER "45" "250988" 20250217 "18-250310 (#59397785)"
{
#TRANS 1700 {} -88468 20250217
#TRANS 3740 {} 0 20250217
#TRANS 5012 {} 88468 20250217
}
#VER "45" "250989" 20250430 "18-250310 (#59397785)"
{
#TRANS 1700 {} 29489 20250430
#TRANS 5012 {} -29489 20250430
}
#VER "45" "250990" 20250531 "18-250310 (#59397785)"
{
#TRANS 1700 {} 29489 20250531
#TRANS 5012 {} -29489 20250531
}
#VER "45" "250991" 20250630 "18-250310 (#59397785)"
{
#TRANS 1700 {} 29490 20250630
#TRANS 5012 {} -29490 20250630
}
#VER "48" "250001" 20250331 "Periodisering av leverant”rsfaktura 123 (SIE) Brf Ekonomen"
{
#TRANS 1790 {} -11711.25 20250331
#TRANS 6480 {} 11711.25 20250331
}
#VER "48" "250002" 20250101 "Źterf”ring"
{
#TRANS 2990 {} 14280 20250101
#TRANS 4611 {} -14280 20250101
}
#VER "48" "250003" 20250217 "Korr: 25-250003"
{
#TRANS 2440 {} 110585 20250217
#TRANS 5012 {} -110585 20250217
}
#VER "48" "250004" 20251231 "Moms 2501-2512"
{
#TRANS 2610 {} 106779 20251231
#TRANS 2640 {} -116310.97 20251231
#TRANS 2650 {} 9532 20251231
#TRANS 3740 {} -0.03 20251231
}
#VER "48" "250005" 20251231 "R„ttning moms dubbel faktura"
{
#TRANS 1680 {} 22117 20251231
#TRANS 2640 {} -22117 20251231
}
#VER "48" "250006" 20250101 "Korr: 48-250002"
{
#TRANS 2990 {} -14280 20250101
#TRANS 4611 {} 14280 20250101
}